<?xml version="1.0" encoding="UTF-8"?>
<!DOCTYPE html PUBLIC "-//W3C//DTD XHTML 1.0 Transitional//EN"
    "http://www.w3.org/TR/xhtml1/DTD/xhtml1-transitional.dtd">
<html xmlns="http://www.w3.org/1999/xhtml" xml:lang="en" lang="en">
 <head>
  <title>
</title>
<meta http-equiv="Content-Type" content="text/html;charset=utf-8" />
  <meta name='ocr-system' content='tesseract 3.04.00' />
  <meta name='ocr-capabilities' content='ocr_page ocr_carea ocr_par ocr_line ocrx_word'/>
</head>
<body>
  <div class='ocr_page' id='page_1' title='image "./mtulliciceronis00shucgoog_0064.png"; bbox 0 0 2360 3516; ppageno 0'>
   <div class='ocr_carea' id='block_1_1' title="bbox 421 219 1000 284">
    <p class='ocr_par' dir='ltr' id='par_1_1' title="bbox 421 219 1000 284">
     <span class='ocr_line' id='line_1_1' title="bbox 421 219 1000 284; baseline 0 0"><span class='ocrx_word' id='word_1_1' title='bbox 421 222 520 284; x_wconf 71' lang='lat' dir='ltr'><strong>caro</strong></span> <span class='ocrx_word' id='word_1_2' title='bbox 544 223 681 284; x_wconf 72' lang='lat' dir='ltr'><strong>aaron.</strong></span> <span class='ocrx_word' id='word_1_3' title='bbox 959 219 1000 284; x_wconf 81' lang='lat' dir='ltr'><strong>li</strong></span> 
     </span>
    </p>
   </div>
   <div class='ocr_carea' id='block_1_2' title="bbox 90 401 1055 2600">
    <p class='ocr_par' dir='ltr' id='par_1_2' title="bbox 90 401 1055 2600">
     <span class='ocr_line' id='line_1_2' title="bbox 90 401 1003 480; baseline -0.003 -17"><span class='ocrx_word' id='word_1_4' title='bbox 90 404 234 464; x_wconf 91' lang='lat' dir='ltr'><strong>omnium</strong></span> <span class='ocrx_word' id='word_1_5' title='bbox 250 402 366 462; x_wconf 89' lang='lat' dir='ltr'><strong>civium</strong></span> <span class='ocrx_word' id='word_1_6' title='bbox 381 408 563 480; x_wconf 84' lang='lat' dir='ltr'><strong>perceperat</strong></span> <span class='ocrx_word' id='word_1_7' title='bbox 576 402 717 478; x_wconf 82' lang='lat' dir='ltr'><strong>namina3</strong></span> <span class='ocrx_word' id='word_1_8' title='bbox 737 422 813 461; x_wconf 92' lang='lat' dir='ltr'><strong>num</strong></span> <span class='ocrx_word' id='word_1_9' title='bbox 827 401 925 478; x_wconf 86' lang='lat' dir='ltr'><strong>igitur</strong></span> <span class='ocrx_word' id='word_1_10' title='bbox 935 411 1003 461; x_wconf 83' lang='lat' dir='ltr'><strong>can-</strong></span> 
     </span>
     <span class='ocr_line' id='line_1_3' title="bbox 91 498 1001 576; baseline -0.002 -16"><span class='ocrx_word' id='word_1_11' title='bbox 91 501 165 561; x_wconf 86' lang='lat' dir='ltr'><strong>setis</strong></span> <span class='ocrx_word' id='word_1_12' title='bbox 191 519 278 573; x_wconf 89' lang='lat' dir='ltr'><strong>eum,</strong></span> <span class='ocrx_word' id='word_1_13' title='bbox 301 518 370 558; x_wconf 90' lang='lat' dir='ltr'><strong>cum</strong></span> <span class='ocrx_word' id='word_1_14' title='bbox 395 504 497 558; x_wconf 88' lang='lat' dir='ltr'><strong>aetate</strong></span> <span class='ocrx_word' id='word_1_15' title='bbox 522 498 746 576; x_wconf 81' lang='lat' dir='ltr'><strong>processisset,1</strong></span> <span class='ocrx_word' id='word_1_16' title='bbox 767 509 822 576; x_wconf 92' lang='lat' dir='ltr'><strong>qui</strong></span> <span class='ocrx_word' id='word_1_17' title='bbox 843 499 1001 558; x_wconf 80' lang='lat' dir='ltr'><strong>Aristides</strong></span> 
     </span>
     <span class='ocr_line' id='line_1_4' title="bbox 90 595 1002 672; baseline -0.002 -16"><span class='ocrx_word' id='word_1_18' title='bbox 90 595 197 671; x_wconf 74' lang='lat' dir='ltr'><strong>essct,2</strong></span> <span class='ocrx_word' id='word_1_19' title='bbox 223 595 450 672; x_wconf 74' lang='lat' dir='ltr'><strong>Lysimachum</strong></span> <span class='ocrx_word' id='word_1_20' title='bbox 476 595 612 654; x_wconf 81' lang='lat' dir='ltr'><strong>salutare</strong></span> <span class='ocrx_word' id='word_1_21' title='bbox 638 595 791 654; x_wconf 89' lang='lat' dir='ltr'><strong>solitum?</strong></span> <span class='ocrx_word' id='word_1_22' title='bbox 846 595 1002 672; x_wconf 82' lang='lat' dir='ltr'>Equidem</span> 
     </span>
     <span class='ocr_line' id='line_1_5' title="bbox 90 692 1002 769; baseline -0.001 -18"><span class='ocrx_word' id='word_1_23' title='bbox 90 703 153 752; x_wconf 83' lang='lat' dir='ltr'><strong>non</strong></span> <span class='ocrx_word' id='word_1_24' title='bbox 167 693 267 752; x_wconf 89' lang='lat' dir='ltr'><strong>modo</strong></span> <span class='ocrx_word' id='word_1_25' title='bbox 282 701 333 752; x_wconf 81' lang='lat' dir='ltr'><strong>eos</strong></span> <span class='ocrx_word' id='word_1_26' title='bbox 344 701 427 766; x_wconf 81' lang='lat' dir='ltr'><strong>novi,</strong></span> <span class='ocrx_word' id='word_1_27' title='bbox 440 701 496 768; x_wconf 89' lang='lat' dir='ltr'><strong>qui</strong></span> <span class='ocrx_word' id='word_1_28' title='bbox 510 698 594 766; x_wconf 86' lang='lat' dir='ltr'><strong>sunt,</strong></span> <span class='ocrx_word' id='word_1_29' title='bbox 607 693 661 751; x_wconf 90' lang='lat' dir='ltr'><strong>sed</strong></span> <span class='ocrx_word' id='word_1_30' title='bbox 673 702 779 751; x_wconf 77' lang='lat' dir='ltr'><strong>eorum</strong></span> <span class='ocrx_word' id='word_1_31' title='bbox 790 697 895 769; x_wconf 84' lang='lat' dir='ltr'><strong>patres</strong></span> <span class='ocrx_word' id='word_1_32' title='bbox 907 692 1002 752; x_wconf 91' lang='lat' dir='ltr'><strong>etiam</strong></span> 
     </span>
     <span class='ocr_line' id='line_1_6' title="bbox 91 788 1040 866; baseline -0.002 -18"><span class='ocrx_word' id='word_1_33' title='bbox 91 795 122 848; x_wconf 90' lang='lat' dir='ltr'><strong>et</strong></span> <span class='ocrx_word' id='word_1_34' title='bbox 138 799 228 864; x_wconf 82' lang='lat' dir='ltr'><strong>avos,</strong></span> <span class='ocrx_word' id='word_1_35' title='bbox 245 807 303 847; x_wconf 90' lang='lat' dir='ltr'><strong>nec</strong></span> <span class='ocrx_word' id='word_1_36' title='bbox 324 788 468 865; x_wconf 83' lang='lat' dir='ltr'><strong>sepulcra</strong></span> <span class='ocrx_word' id='word_1_37' title='bbox 489 788 596 864; x_wconf 83' lang='lat' dir='ltr'><strong>legens</strong></span> <span class='ocrx_word' id='word_1_38' title='bbox 611 807 729 863; x_wconf 90' lang='lat' dir='ltr'><strong>vereor,</strong></span> <span class='ocrx_word' id='word_1_39' title='bbox 745 789 829 866; x_wconf 90' lang='lat' dir='ltr'><strong>quod</strong></span> <span class='ocrx_word' id='word_1_40' title='bbox 849 789 948 864; x_wconf 89' lang='lat' dir='ltr'><strong>aiunt,</strong></span> <span class='ocrx_word' id='word_1_41' title='bbox 963 798 1002 848; x_wconf 81' lang='lat' dir='ltr'><strong>ne</strong></span> <span class='ocrx_word' id='word_1_42' title='bbox 1026 809 1040 856; x_wconf 84' lang='lat'>5</span> 
     </span>
     <span class='ocr_line' id='line_1_7' title="bbox 91 885 1003 962; baseline 0 -18"><span class='ocrx_word' id='word_1_43' title='bbox 91 885 279 946; x_wconf 82' lang='lat' dir='ltr'><strong>memoriam</strong></span> <span class='ocrx_word' id='word_1_44' title='bbox 293 885 439 962; x_wconf 81' lang='lat' dir='ltr'><strong>perdam3</strong></span> <span class='ocrx_word' id='word_1_45' title='bbox 461 885 512 944; x_wconf 90' lang='lat' dir='ltr'><strong>his</strong></span> <span class='ocrx_word' id='word_1_46' title='bbox 534 885 618 944; x_wconf 90' lang='lat' dir='ltr'><strong>enim</strong></span> <span class='ocrx_word' id='word_1_47' title='bbox 639 885 718 961; x_wconf 90' lang='lat' dir='ltr'><strong>ipsis</strong></span> <span class='ocrx_word' id='word_1_48' title='bbox 739 885 880 961; x_wconf 83' lang='lat' dir='ltr'><strong>legendis</strong></span> <span class='ocrx_word' id='word_1_49' title='bbox 895 885 929 942; x_wconf 94' lang='lat' dir='ltr'><strong>in</strong></span> <span class='ocrx_word' id='word_1_50' title='bbox 942 903 1003 944; x_wconf 90' lang='lat' dir='ltr'><strong>me·</strong></span> 
     </span>
     <span class='ocr_line' id='line_1_8' title="bbox 92 982 1002 1058; baseline 0 -18"><span class='ocrx_word' id='word_1_51' title='bbox 92 983 227 1042; x_wconf 88' lang='lat' dir='ltr'><strong>moriam</strong></span> <span class='ocrx_word' id='word_1_52' title='bbox 252 982 346 1041; x_wconf 76' lang='lat' dir='ltr'><strong>redeo</strong></span> <span class='ocrx_word' id='word_1_53' title='bbox 369 987 571 1040; x_wconf 84' lang='lat' dir='ltr'><strong>mortuorum.</strong></span> <span class='ocrx_word' id='word_1_54' title='bbox 624 983 692 1040; x_wconf 88' lang='lat' dir='ltr'><strong>Nee</strong></span> <span class='ocrx_word' id='word_1_55' title='bbox 716 991 790 1040; x_wconf 80' lang='lat' dir='ltr'><strong>varo</strong></span> <span class='ocrx_word' id='word_1_56' title='bbox 815 1000 1002 1058; x_wconf 84' lang='lat' dir='ltr'><strong>quemquam</strong></span> 
     </span>
     <span class='ocr_line' id='line_1_9' title="bbox 93 1077 1004 1155; baseline -0.001 -17"><span class='ocrx_word' id='word_1_57' title='bbox 93 1097 200 1138; x_wconf 88' lang='lat' dir='ltr'><strong>senem</strong></span> <span class='ocrx_word' id='word_1_58' title='bbox 223 1078 332 1137; x_wconf 83' lang='lat' dir='ltr'><strong>audivi</strong></span> <span class='ocrx_word' id='word_1_59' title='bbox 353 1077 575 1155; x_wconf 68' lang='lat' dir='ltr'><strong>oblitumque</strong></span> <span class='ocrx_word' id='word_1_60' title='bbox 596 1077 664 1138; x_wconf 77' lang='lat' dir='ltr'><strong>loca</strong></span> <span class='ocrx_word' id='word_1_61' title='bbox 683 1077 865 1137; x_wconf 80' lang='lat' dir='ltr'><strong>thesaurum</strong></span> <span class='ocrx_word' id='word_1_62' title='bbox 887 1078 1004 1138; x_wconf 87' lang='lat' dir='ltr'><strong>obruis-</strong></span> 
     </span>
     <span class='ocr_line' id='line_1_10' title="bbox 93 1174 1003 1251; baseline -0.002 -15"><span class='ocrx_word' id='word_1_63' title='bbox 93 1181 156 1251; x_wconf 90' lang='lat' dir='ltr'><strong>set;</strong></span> <span class='ocrx_word' id='word_1_64' title='bbox 180 1174 298 1250; x_wconf 86' lang='lat' dir='ltr'><strong>omnia,</strong></span> <span class='ocrx_word' id='word_1_65' title='bbox 320 1193 400 1251; x_wconf 90' lang='lat' dir='ltr'><strong>quae</strong></span> <span class='ocrx_word' id='word_1_66' title='bbox 422 1179 541 1250; x_wconf 81' lang='lat' dir='ltr'><strong>curant,</strong></span> <span class='ocrx_word' id='word_1_67' title='bbox 567 1174 794 1249; x_wconf 84' lang='lat' dir='ltr'><strong>meminerunt3</strong></span> <span class='ocrx_word' id='word_1_68' title='bbox 823 1174 1003 1234; x_wconf 81' lang='lat' dir='ltr'><strong>vadimonia</strong></span> 
     </span>
     <span class='ocr_line' id='line_1_11' title="bbox 92 1269 1055 1348; baseline -0.005 -17"><span class='ocrx_word' id='word_1_69' title='bbox 92 1273 277 1346; x_wconf 80' lang='lat' dir='ltr'><strong>constituta,</strong></span> <span class='ocrx_word' id='word_1_70' title='bbox 302 1271 373 1348; x_wconf 90' lang='lat' dir='ltr'><strong>quis</strong></span> <span class='ocrx_word' id='word_1_71' title='bbox 398 1270 467 1346; x_wconf 85' lang='lat' dir='ltr'>sibi,</span> <span class='ocrx_word' id='word_1_72' title='bbox 490 1280 541 1329; x_wconf 89' lang='lat' dir='ltr'><strong>cui</strong></span> <span class='ocrx_word' id='word_1_73' title='bbox 569 1270 632 1348; x_wconf 89' lang='lat' dir='ltr'><strong>ipsi</strong></span> <span class='ocrx_word' id='word_1_74' title='bbox 659 1269 799 1330; x_wconf 82' lang='lat' dir='ltr'><strong>debeant.</strong></span> <span class='ocrx_word' id='word_1_75' title='bbox 843 1271 890 1329; x_wconf 83' lang='lat'><strong>22.</strong></span> <span class='ocrx_word' id='word_1_76' title='bbox 920 1271 1002 1340; x_wconf 79' lang='lat' dir='ltr'><strong>Quid</strong></span> <span class='ocrx_word' id='word_1_77' title='bbox 1027 1295 1055 1327; x_wconf 93' lang='lat'><strong>10</strong></span> 
     </span>
     <span class='ocr_line' id='line_1_12' title="bbox 92 1367 1003 1444; baseline -0.002 -18"><span class='ocrx_word' id='word_1_78' title='bbox 92 1369 170 1428; x_wconf 80' lang='lat' dir='ltr'><strong>iaris</strong></span> <span class='ocrx_word' id='word_1_79' title='bbox 195 1367 342 1441; x_wconf 79' lang='lat' dir='ltr'><strong>consulti,</strong></span> <span class='ocrx_word' id='word_1_80' title='bbox 364 1367 442 1444; x_wconf 90' lang='lat' dir='ltr'><strong>quid</strong></span> <span class='ocrx_word' id='word_1_81' title='bbox 465 1367 639 1444; x_wconf 74' lang='lat' dir='ltr'><strong>pontifices,</strong></span> <span class='ocrx_word' id='word_1_82' title='bbox 662 1367 739 1444; x_wconf 90' lang='lat' dir='ltr'><strong>quid</strong></span> <span class='ocrx_word' id='word_1_83' title='bbox 761 1377 903 1442; x_wconf 79' lang='lat' dir='ltr'><strong>augures,</strong></span> <span class='ocrx_word' id='word_1_84' title='bbox 926 1367 1003 1444; x_wconf 88' lang='lat' dir='ltr'><strong>quid</strong></span> 
     </span>
     <span class='ocr_line' id='line_1_13' title="bbox 92 1464 1002 1541; baseline 0 -19"><span class='ocrx_word' id='word_1_85' title='bbox 92 1464 279 1541; x_wconf 84' lang='lat' dir='ltr'>philosophi</span> <span class='ocrx_word' id='word_1_86' title='bbox 290 1473 389 1539; x_wconf 88' lang='lat' dir='ltr'><strong>senes,</strong></span> <span class='ocrx_word' id='word_1_87' title='bbox 402 1482 496 1541; x_wconf 89' lang='lat' dir='ltr'><strong>quam</strong></span> <span class='ocrx_word' id='word_1_88' title='bbox 509 1464 610 1524; x_wconf 88' lang='lat' dir='ltr'><strong>multa</strong></span> <span class='ocrx_word' id='word_1_89' title='bbox 620 1464 844 1524; x_wconf 80' lang='lat' dir='ltr'><strong>meminerunt!</strong></span> <span class='ocrx_word' id='word_1_90' title='bbox 871 1465 1002 1522; x_wconf 86' lang='lat' dir='ltr'><strong>Manent</strong></span> 
     </span>
     <span class='ocr_line' id='line_1_14' title="bbox 93 1559 1003 1636; baseline 0 -18"><span class='ocrx_word' id='word_1_91' title='bbox 93 1560 223 1636; x_wconf 84' lang='lat' dir='ltr'><strong>ingenia</strong></span> <span class='ocrx_word' id='word_1_92' title='bbox 234 1559 371 1634; x_wconf 72' lang='lat' dir='ltr'><strong>senibus</strong></span> <span class='ocrx_word' id='word_1_93' title='bbox 383 1559 475 1618; x_wconf 91' lang='lat' dir='ltr'><strong>modo</strong></span> <span class='ocrx_word' id='word_1_94' title='bbox 485 1559 686 1636; x_wconf 82' lang='lat' dir='ltr'><strong>permaneat³</strong></span> <span class='ocrx_word' id='word_1_95' title='bbox 700 1559 838 1618; x_wconf 85' lang='lat' dir='ltr'><strong>studium</strong></span> <span class='ocrx_word' id='word_1_96' title='bbox 853 1563 884 1617; x_wconf 86' lang='lat' dir='ltr'><strong>et</strong></span> <span class='ocrx_word' id='word_1_97' title='bbox 898 1559 1003 1618; x_wconf 88' lang='lat' dir='ltr'><strong>indus-</strong></span> 
     </span>
     <span class='ocr_line' id='line_1_15' title="bbox 94 1655 1000 1733; baseline 0 -17"><span class='ocrx_word' id='word_1_98' title='bbox 94 1658 165 1732; x_wconf 88' lang='lat' dir='ltr'><strong>tria,</strong></span> <span class='ocrx_word' id='word_1_99' title='bbox 188 1674 292 1733; x_wconf 92' lang='lat' dir='ltr'><strong>neque</strong></span> <span class='ocrx_word' id='word_1_100' title='bbox 313 1673 350 1714; x_wconf 87' lang='lat' dir='ltr'><strong>ca</strong></span> <span class='ocrx_word' id='word_1_101' title='bbox 370 1655 472 1716; x_wconf 85' lang='lat' dir='ltr'><strong>solum</strong></span> <span class='ocrx_word' id='word_1_102' title='bbox 497 1655 531 1714; x_wconf 90' lang='lat' dir='ltr'><strong>in</strong></span> <span class='ocrx_word' id='word_1_103' title='bbox 555 1655 648 1715; x_wconf 87' lang='lat' dir='ltr'><strong>claris</strong></span> <span class='ocrx_word' id='word_1_104' title='bbox 677 1661 709 1714; x_wconf 90' lang='lat' dir='ltr'><strong>et</strong></span> <span class='ocrx_word' id='word_1_105' title='bbox 732 1656 893 1715; x_wconf 84' lang='lat' dir='ltr'><strong>honoratis</strong></span> <span class='ocrx_word' id='word_1_106' title='bbox 914 1655 1000 1731; x_wconf 86' lang='lat' dir='ltr'><strong>viris,</strong></span> 
     </span>
     <span class='ocr_line' id='line_1_16' title="bbox 95 1751 1054 1829; baseline -0.007 -16"><span class='ocrx_word' id='word_1_107' title='bbox 95 1754 198 1814; x_wconf 90' lang='lat' dir='ltr'><strong>sedin</strong></span> <span class='ocrx_word' id='word_1_108' title='bbox 212 1758 281 1812; x_wconf 84' lang='lat' dir='ltr'><strong>vita</strong></span> <span class='ocrx_word' id='word_1_109' title='bbox 300 1751 394 1811; x_wconf 88' lang='lat' dir='ltr'><strong>etiam</strong></span> <span class='ocrx_word' id='word_1_110' title='bbox 415 1757 542 1829; x_wconf 87' lang='lat' dir='ltr'><strong>privata</strong></span> <span class='ocrx_word' id='word_1_111' title='bbox 562 1757 594 1810; x_wconf 90' lang='lat' dir='ltr'><strong>et</strong></span> <span class='ocrx_word' id='word_1_112' title='bbox 615 1752 729 1829; x_wconf 87' lang='lat' dir='ltr'><strong>quieta.</strong></span> <span class='ocrx_word' id='word_1_113' title='bbox 774 1751 941 1828; x_wconf 80' lang='lat' dir='ltr'><strong>Sophocles</strong></span> <span class='ocrx_word' id='word_1_114' title='bbox 963 1754 1003 1812; x_wconf 85' lang='lat' dir='ltr'><strong>ad</strong></span> <span class='ocrx_word' id='word_1_115' title='bbox 1027 1773 1054 1820; x_wconf 85' lang='lat'><strong>15</strong></span> 
     </span>
     <span class='ocr_line' id='line_1_17' title="bbox 96 1848 1002 1926; baseline -0.001 -17"><span class='ocrx_word' id='word_1_116' title='bbox 96 1869 252 1909; x_wconf 90' lang='lat' dir='ltr'><strong>summam</strong></span> <span class='ocrx_word' id='word_1_117' title='bbox 267 1853 459 1908; x_wconf 81' lang='lat' dir='ltr'><strong>senectutem</strong></span> <span class='ocrx_word' id='word_1_118' title='bbox 473 1848 649 1923; x_wconf 86' lang='lat' dir='ltr'><strong>tragoedias</strong></span> <span class='ocrx_word' id='word_1_119' title='bbox 664 1849 757 1924; x_wconf 73' lang='lat' dir='ltr'><strong>fecit,</strong></span> <span class='ocrx_word' id='word_1_120' title='bbox 781 1849 1002 1926; x_wconf 87' lang='lat' dir='ltr'><strong>quodpropter</strong></span> 
     </span>
     <span class='ocr_line' id='line_1_18' title="bbox 96 1944 1000 2021; baseline -0.001 -16"><span class='ocrx_word' id='word_1_121' title='bbox 96 1946 238 2005; x_wconf 88' lang='lat' dir='ltr'><strong>studium</strong></span> <span class='ocrx_word' id='word_1_122' title='bbox 259 1963 330 2004; x_wconf 93' lang='lat' dir='ltr'><strong>cum</strong></span> <span class='ocrx_word' id='word_1_123' title='bbox 351 1963 417 2003; x_wconf 88' lang='lat' dir='ltr'><strong>rem</strong></span> <span class='ocrx_word' id='word_1_124' title='bbox 438 1944 600 2020; x_wconf 80' lang='lat' dir='ltr'>neglegere</span> <span class='ocrx_word' id='word_1_125' title='bbox 621 1945 811 2004; x_wconf 69' lang='lat' dir='ltr'><strong>familiarem</strong></span> <span class='ocrx_word' id='word_1_126' title='bbox 831 1945 1000 2021; x_wconf 82' lang='lat' dir='ltr'><strong>videretur,</strong></span> 
     </span>
     <span class='ocr_line' id='line_1_19' title="bbox 96 2040 999 2118; baseline 0.001 -18"><span class='ocrx_word' id='word_1_127' title='bbox 96 2051 114 2100; x_wconf 85' lang='lat' dir='ltr'><strong>a</strong></span> <span class='ocrx_word' id='word_1_128' title='bbox 127 2042 208 2102; x_wconf 79' lang='lat' dir='ltr'><strong>filiis</strong></span> <span class='ocrx_word' id='word_1_129' title='bbox 223 2041 257 2099; x_wconf 93' lang='lat' dir='ltr'><strong>in</strong></span> <span class='ocrx_word' id='word_1_130' title='bbox 272 2040 422 2099; x_wconf 85' lang='lat' dir='ltr'><strong>iudicium</strong></span> <span class='ocrx_word' id='word_1_131' title='bbox 437 2046 566 2100; x_wconf 85' lang='lat' dir='ltr'><strong>vocatus</strong></span> <span class='ocrx_word' id='word_1_132' title='bbox 581 2045 638 2115; x_wconf 89' lang='lat' dir='ltr'><strong>est,</strong></span> <span class='ocrx_word' id='word_1_133' title='bbox 653 2047 698 2115; x_wconf 91' lang='lat' dir='ltr'><strong>ut,</strong></span> <span class='ocrx_word' id='word_1_134' title='bbox 714 2060 806 2118; x_wconf 89' lang='lat' dir='ltr'><strong>quem</strong></span> <span class='ocrx_word' id='word_1_135' title='bbox 821 2043 999 2101; x_wconf 87' lang='lat' dir='ltr'><strong>admodum</strong></span> 
     </span>
     <span class='ocr_line' id='line_1_20' title="bbox 95 2137 1002 2214; baseline 0.004 -19"><span class='ocrx_word' id='word_1_136' title='bbox 95 2144 203 2198; x_wconf 81' lang='lat' dir='ltr'><strong>nostra</strong></span> <span class='ocrx_word' id='word_1_137' title='bbox 220 2147 307 2196; x_wconf 81' lang='lat' dir='ltr'><strong>mare</strong></span> <span class='ocrx_word' id='word_1_138' title='bbox 328 2137 409 2196; x_wconf 89' lang='lat' dir='ltr'><strong>male</strong></span> <span class='ocrx_word' id='word_1_139' title='bbox 430 2156 496 2196; x_wconf 89' lang='lat' dir='ltr'><strong>rem</strong></span> <span class='ocrx_word' id='word_1_140' title='bbox 518 2137 697 2212; x_wconf 79' lang='lat' dir='ltr'><strong>gerentibus</strong></span> <span class='ocrx_word' id='word_1_141' title='bbox 718 2137 880 2214; x_wconf 81' lang='lat' dir='ltr'><strong>patribus⁴</strong></span> <span class='ocrx_word' id='word_1_142' title='bbox 893 2139 1002 2199; x_wconf 85' lang='lat' dir='ltr'><strong>bonis⁵</strong></span> 
     </span>
     <span class='ocr_line' id='line_1_21' title="bbox 96 2233 1054 2311; baseline 0.002 -19"><span class='ocrx_word' id='word_1_143' title='bbox 96 2233 243 2294; x_wconf 77' lang='lat' dir='ltr'><strong>interdici</strong></span> <span class='ocrx_word' id='word_1_144' title='bbox 272 2233 361 2307; x_wconf 88' lang='lat' dir='ltr'><strong>solet,</strong></span> <span class='ocrx_word' id='word_1_145' title='bbox 387 2243 432 2294; x_wconf 91' lang='lat' dir='ltr'><strong>sie</strong></span> <span class='ocrx_word' id='word_1_146' title='bbox 456 2234 547 2292; x_wconf 86' lang='lat' dir='ltr'><strong>illum</strong></span> <span class='ocrx_word' id='word_1_147' title='bbox 572 2233 663 2311; x_wconf 85' lang='lat' dir='ltr'><strong>quasi</strong></span> <span class='ocrx_word' id='word_1_148' title='bbox 687 2234 894 2310; x_wconf 80' lang='lat' dir='ltr'><strong>desipientem</strong></span> <span class='ocrx_word' id='word_1_149' title='bbox 922 2245 941 2294; x_wconf 90' lang='lat' dir='ltr'><strong>a</strong></span> <span class='ocrx_word' id='word_1_150' title='bbox 968 2247 1001 2294; x_wconf 83' lang='lat' dir='ltr'><strong>re</strong></span> <span class='ocrx_word' id='word_1_151' title='bbox 1025 2255 1054 2284; x_wconf 89' lang='lat'><strong>20</strong></span> 
     </span>
     <span class='ocr_line' id='line_1_22' title="bbox 96 2329 1001 2406; baseline 0.002 -18"><span class='ocrx_word' id='word_1_152' title='bbox 96 2329 249 2390; x_wconf 79' lang='lat' dir='ltr'><strong>familiari</strong></span> <span class='ocrx_word' id='word_1_153' title='bbox 273 2330 618 2406; x_wconf 74' lang='lat' dir='ltr'><strong>removerentiudiees</strong></span> <span class='ocrx_word' id='word_1_154' title='bbox 661 2332 742 2389; x_wconf 82' lang='lat' dir='ltr'><strong>Tum</strong></span> <span class='ocrx_word' id='word_1_155' title='bbox 767 2350 862 2390; x_wconf 85' lang='lat' dir='ltr'><strong>senex</strong></span> <span class='ocrx_word' id='word_1_156' title='bbox 886 2332 1001 2390; x_wconf 84' lang='lat' dir='ltr'><strong>dicitur</strong></span> 
     </span>
     <span class='ocr_line' id='line_1_23' title="bbox 97 2425 1000 2504; baseline 0.003 -20"><span class='ocrx_word' id='word_1_157' title='bbox 97 2443 164 2486; x_wconf 87' lang='lat' dir='ltr'><strong>eam</strong></span> <span class='ocrx_word' id='word_1_158' title='bbox 177 2425 329 2500; x_wconf 85' lang='lat' dir='ltr'><strong>fabulam,</strong></span> <span class='ocrx_word' id='word_1_159' title='bbox 346 2445 439 2503; x_wconf 90' lang='lat' dir='ltr'><strong>quam</strong></span> <span class='ocrx_word' id='word_1_160' title='bbox 456 2426 491 2484; x_wconf 92' lang='lat' dir='ltr'><strong>in</strong></span> <span class='ocrx_word' id='word_1_161' title='bbox 507 2427 651 2488; x_wconf 87' lang='lat' dir='ltr'><strong>manibus</strong></span> <span class='ocrx_word' id='word_1_162' title='bbox 665 2427 800 2486; x_wconf 79' lang='lat' dir='ltr'><strong>habebat</strong></span> <span class='ocrx_word' id='word_1_163' title='bbox 815 2433 846 2486; x_wconf 90' lang='lat' dir='ltr'><strong>et</strong></span> <span class='ocrx_word' id='word_1_164' title='bbox 860 2429 1000 2504; x_wconf 80' lang='lat' dir='ltr'><strong>proxime</strong></span> 
     </span>
     <span class='ocr_line' id='line_1_24' title="bbox 98 2521 1000 2600; baseline 0.004 -19"><span class='ocrx_word' id='word_1_165' title='bbox 98 2528 274 2600; x_wconf 82' lang='lat' dir='ltr'><strong>scripserat,</strong></span> <span class='ocrx_word' id='word_1_166' title='bbox 297 2521 452 2600; x_wconf 88' lang='lat' dir='ltr'><strong>Oedipum</strong></span> <span class='ocrx_word' id='word_1_167' title='bbox 475 2523 653 2598; x_wconf 79' lang='lat' dir='ltr'><strong>Coloneum,</strong></span> <span class='ocrx_word' id='word_1_168' title='bbox 676 2523 823 2583; x_wconf 80' lang='lat' dir='ltr'><strong>recitasse</strong></span> <span class='ocrx_word' id='word_1_169' title='bbox 844 2523 1000 2585; x_wconf 81' lang='lat' dir='ltr'><strong>iudicibus</strong></span> 
     </span>
    </p>
   </div>
   <div class='ocr_carea' id='block_1_3' title="bbox 98 2691 1001 3152">
    <p class='ocr_par' dir='ltr' id='par_1_3' title="bbox 98 2691 1001 3152">
     <span class='ocr_line' id='line_1_25' title="bbox 136 2691 964 2750; baseline 0.002 -12"><span class='ocrx_word' id='word_1_170' title='bbox 136 2691 146 2724; x_wconf 91' lang='lat'>1</span> <span class='ocrx_word' id='word_1_171' title='bbox 157 2693 330 2750; x_wconf 76' lang='lat' dir='ltr'><strong>processisset,</strong></span> <span class='ocrx_word' id='word_1_172' title='bbox 342 2693 372 2738; x_wconf 88' lang='lat' dir='ltr'><strong>A.</strong></span> <span class='ocrx_word' id='word_1_173' title='bbox 385 2692 406 2738; x_wconf 76' lang='lat' dir='ltr'><strong>de</strong></span> <span class='ocrx_word' id='word_1_174' title='bbox 418 2691 448 2739; x_wconf 87' lang='lat' dir='ltr'><strong>G.</strong></span> <span class='ocrx_word' id='word_1_175' title='bbox 461 2693 504 2738; x_wconf 88' lang='grc'><strong>336</strong></span> <span class='ocrx_word' id='word_1_176' title='bbox 513 2693 547 2749; x_wconf 90' lang='grc' dir='ltr'><strong>Β,</strong></span> <span class='ocrx_word' id='word_1_177' title='bbox 560 2707 584 2750; x_wconf 90' lang='grc' dir='ltr'><strong>α,</strong></span> <span class='ocrx_word' id='word_1_178' title='bbox 596 2706 622 2738; x_wconf 90' lang='lat' dir='ltr'><strong>n.</strong></span> <span class='ocrx_word' id='word_1_179' title='bbox 633 2694 660 2750; x_wconf 89' lang='grc'><strong>2;</strong></span> <span class='ocrx_word' id='word_1_180' title='bbox 678 2693 708 2738; x_wconf 85' lang='lat' dir='ltr'><strong>G.</strong></span> <span class='ocrx_word' id='word_1_181' title='bbox 721 2693 742 2738; x_wconf 77' lang='lat' dir='ltr'><strong>u</strong></span> <span class='ocrx_word' id='word_1_182' title='bbox 755 2693 783 2738; x_wconf 93' lang='lat' dir='ltr'><strong>L.</strong></span> <span class='ocrx_word' id='word_1_183' title='bbox 795 2694 852 2750; x_wconf 85' lang='lat'>650;</span> <span class='ocrx_word' id='word_1_184' title='bbox 868 2694 901 2739; x_wconf 89' lang='grc' dir='ltr'><strong>Η.</strong></span> <span class='ocrx_word' id='word_1_185' title='bbox 912 2695 964 2741; x_wconf 87' lang='grc'><strong>524.</strong></span> 
     </span>
     <span class='ocr_line' id='line_1_26' title="bbox 136 2758 1001 2818; baseline 0.003 -12"><span class='ocrx_word' id='word_1_186' title='bbox 136 2758 147 2791; x_wconf 78' lang='lat'><strong>²</strong></span> <span class='ocrx_word' id='word_1_187' title='bbox 161 2765 233 2816; x_wconf 81' lang='lat' dir='ltr'><strong>esset,</strong></span> <span class='ocrx_word' id='word_1_188' title='bbox 252 2760 281 2806; x_wconf 89' lang='lat' dir='ltr'><strong>A.</strong></span> <span class='ocrx_word' id='word_1_189' title='bbox 299 2760 320 2806; x_wconf 72' lang='grc' dir='ltr'><strong>ὅτ</strong></span> <span class='ocrx_word' id='word_1_190' title='bbox 336 2760 366 2806; x_wconf 87' lang='lat' dir='ltr'><strong>G.</strong></span> <span class='ocrx_word' id='word_1_191' title='bbox 382 2762 437 2813; x_wconf 83' lang='lat'>342;</span> <span class='ocrx_word' id='word_1_192' title='bbox 455 2759 485 2806; x_wconf 81' lang='lat' dir='ltr'><strong>G.</strong></span> <span class='ocrx_word' id='word_1_193' title='bbox 503 2761 524 2806; x_wconf 75' lang='lat' dir='ltr'><strong>dr</strong></span> <span class='ocrx_word' id='word_1_194' title='bbox 540 2761 567 2806; x_wconf 88' lang='lat' dir='ltr'><strong>L.</strong></span> <span class='ocrx_word' id='word_1_195' title='bbox 583 2763 628 2807; x_wconf 88' lang='grc'><strong>629</strong></span> <span class='ocrx_word' id='word_1_196' title='bbox 643 2761 693 2807; x_wconf 87' lang='lat' dir='ltr'><strong>and</strong></span> <span class='ocrx_word' id='word_1_197' title='bbox 707 2762 763 2818; x_wconf 84' lang='lat'><strong>663;</strong></span> <span class='ocrx_word' id='word_1_198' title='bbox 782 2762 815 2808; x_wconf 91' lang='lat' dir='ltr'><strong>H.</strong></span> <span class='ocrx_word' id='word_1_199' title='bbox 831 2763 883 2818; x_wconf 84' lang='lat'><strong>529,</strong></span> <span class='ocrx_word' id='word_1_200' title='bbox 900 2763 932 2808; x_wconf 93' lang='lat'><strong>11.</strong></span> <span class='ocrx_word' id='word_1_201' title='bbox 950 2763 1001 2810; x_wconf 87' lang='lat' dir='ltr'><strong>end</strong></span> 
     </span>
     <span class='ocr_line' id='line_1_27' title="bbox 98 2828 874 2954; baseline 0.001 -12"><span class='ocrx_word' id='word_1_202' title='bbox 98 2839 124 2872; x_wconf 80' lang='lat' dir='ltr'><strong>n.</strong></span> <span class='ocrx_word' id='word_1_203' title='bbox 136 2828 319 2953; x_wconf 60' lang='lat' dir='ltr'><strong>iidemu,</strong></span> <span class='ocrx_word' id='word_1_204' title='bbox 331 2896 361 2941; x_wconf 73' lang='lat' dir='ltr'><strong>s.</strong></span> <span class='ocrx_word' id='word_1_205' title='bbox 374 2895 395 2940; x_wconf 80' lang='lat' dir='ltr'><strong>e</strong></span> <span class='ocrx_word' id='word_1_206' title='bbox 407 2895 436 2941; x_wconf 84' lang='lat' dir='ltr'><strong>c.</strong></span> <span class='ocrx_word' id='word_1_207' title='bbox 449 2897 500 2950; x_wconf 79' lang='lat' dir='ltr'><strong>ree,</strong></span> <span class='ocrx_word' id='word_1_208' title='bbox 514 2897 543 2952; x_wconf 65' lang='grc' dir='ltr'><strong>ἀς</strong></span> <span class='ocrx_word' id='word_1_209' title='bbox 561 2896 590 2942; x_wconf 82' lang='lat' dir='ltr'><strong>c.</strong></span> <span class='ocrx_word' id='word_1_210' title='bbox 602 2897 623 2942; x_wconf 86' lang='lat' dir='ltr'><strong>c</strong></span> <span class='ocrx_word' id='word_1_211' title='bbox 634 2897 662 2942; x_wconf 81' lang='lat' dir='ltr'><strong>n.</strong></span> <span class='ocrx_word' id='word_1_212' title='bbox 674 2897 730 2954; x_wconf 66' lang='lat' dir='ltr'><strong>tra</strong></span> <span class='ocrx_word' id='word_1_213' title='bbox 747 2897 779 2942; x_wconf 83' lang='grc' dir='ltr'><strong>Η.</strong></span> <span class='ocrx_word' id='word_1_214' title='bbox 791 2898 843 2953; x_wconf 86' lang='lat'><strong>513,</strong></span> <span class='ocrx_word' id='word_1_215' title='bbox 855 2898 874 2943; x_wconf 93' lang='lat'><strong>1.</strong></span> 
     </span>
     <span class='ocr_line' id='line_1_28' title="bbox 136 2961 1000 3023; baseline 0.005 -15"><span class='ocrx_word' id='word_1_216' title='bbox 136 2961 148 2994; x_wconf 79' lang='lat'>4</span> <span class='ocrx_word' id='word_1_217' title='bbox 157 2963 286 3020; x_wconf 80' lang='lat' dir='ltr'><strong>patribus,</strong></span> <span class='ocrx_word' id='word_1_218' title='bbox 298 2965 327 3008; x_wconf 90' lang='lat' dir='ltr'><strong>A.</strong></span> <span class='ocrx_word' id='word_1_219' title='bbox 341 2964 361 3008; x_wconf 81' lang='lat' dir='ltr'><strong>c</strong></span> <span class='ocrx_word' id='word_1_220' title='bbox 373 2963 402 3009; x_wconf 86' lang='lat' dir='ltr'><strong>G.</strong></span> <span class='ocrx_word' id='word_1_221' title='bbox 412 2965 468 3019; x_wconf 74' lang='lat'><strong>2303</strong></span> <span class='ocrx_word' id='word_1_222' title='bbox 486 2963 515 3009; x_wconf 86' lang='lat' dir='ltr'><strong>G.</strong></span> <span class='ocrx_word' id='word_1_223' title='bbox 526 2965 583 3009; x_wconf 81' lang='lat' dir='ltr'><strong>&amp;L</strong></span> <span class='ocrx_word' id='word_1_224' title='bbox 593 2965 644 3020; x_wconf 84' lang='lat'><strong>346,</strong></span> <span class='ocrx_word' id='word_1_225' title='bbox 653 2965 724 3010; x_wconf 82' lang='lat' dir='ltr'><strong>Rem.</strong></span> <span class='ocrx_word' id='word_1_226' title='bbox 737 2967 758 3021; x_wconf 92' lang='lat'><strong>1,</strong></span> <span class='ocrx_word' id='word_1_227' title='bbox 767 2967 855 3022; x_wconf 79' lang='lat'><strong>208,2;</strong></span> <span class='ocrx_word' id='word_1_228' title='bbox 872 2966 904 3012; x_wconf 91' lang='grc' dir='ltr'><strong>Η.</strong></span> <span class='ocrx_word' id='word_1_229' title='bbox 916 2966 968 3023; x_wconf 83' lang='lat'><strong>384,</strong></span> <span class='ocrx_word' id='word_1_230' title='bbox 976 2967 1000 3012; x_wconf 83' lang='lat'><strong>5.</strong></span> 
     </span>
     <span class='ocr_line' id='line_1_29' title="bbox 137 3027 855 3096; baseline 0.003 -20"><span class='ocrx_word' id='word_1_231' title='bbox 137 3027 149 3062; x_wconf 79' lang='lat'>⁵</span> <span class='ocrx_word' id='word_1_232' title='bbox 163 3030 244 3086; x_wconf 82' lang='lat' dir='ltr'><strong>bonis,</strong></span> <span class='ocrx_word' id='word_1_233' title='bbox 255 3031 285 3076; x_wconf 91' lang='lat' dir='ltr'><strong>A.</strong></span> <span class='ocrx_word' id='word_1_234' title='bbox 298 3031 319 3076; x_wconf 74' lang='lat' dir='ltr'><strong>dr</strong></span> <span class='ocrx_word' id='word_1_235' title='bbox 331 3031 360 3087; x_wconf 83' lang='lat' dir='ltr'><strong>G,</strong></span> <span class='ocrx_word' id='word_1_236' title='bbox 372 3032 424 3087; x_wconf 74' lang='lat'><strong>225,</strong></span> <span class='ocrx_word' id='word_1_237' title='bbox 436 3032 458 3096; x_wconf 88' lang='lat'><strong>3,</strong></span> <span class='ocrx_word' id='word_1_238' title='bbox 470 3032 494 3096; x_wconf 80' lang='lat' dir='ltr'><strong>d,</strong></span> <span class='ocrx_word' id='word_1_239' title='bbox 506 3045 531 3085; x_wconf 76' lang='lat' dir='ltr'><strong>n,</strong></span> <span class='ocrx_word' id='word_1_240' title='bbox 542 3034 568 3090; x_wconf 72' lang='lat'><strong>15</strong></span> <span class='ocrx_word' id='word_1_241' title='bbox 586 3031 616 3086; x_wconf 81' lang='lat' dir='ltr'><strong>G.</strong></span> <span class='ocrx_word' id='word_1_242' title='bbox 629 3031 650 3077; x_wconf 74' lang='lat' dir='ltr'><strong>di</strong></span> <span class='ocrx_word' id='word_1_243' title='bbox 661 3032 688 3086; x_wconf 87' lang='lat' dir='ltr'><strong>L.</strong></span> <span class='ocrx_word' id='word_1_244' title='bbox 699 3033 750 3088; x_wconf 85' lang='lat'><strong>390,</strong></span> <span class='ocrx_word' id='word_1_245' title='bbox 761 3034 784 3088; x_wconf 85' lang='lat'><strong>2,</strong></span> <span class='ocrx_word' id='word_1_246' title='bbox 795 3046 821 3078; x_wconf 92' lang='lat' dir='ltr'><strong>n.</strong></span> <span class='ocrx_word' id='word_1_247' title='bbox 833 3033 855 3078; x_wconf 88' lang='lat'><strong>3.</strong></span> 
     </span>
     <span class='ocr_line' id='line_1_30' title="bbox 231 3117 246 3152; baseline 0 0"><span class='ocrx_word' id='word_1_248' title='bbox 231 3117 246 3152; x_wconf 87' lang='lat' dir='ltr'><strong>c</strong></span> 
     </span>
    </p>
   </div>
   <div class='ocr_carea' id='block_1_4' title="bbox 0 0 1193 3516">
    <p class='ocr_par' dir='ltr' id='par_1_4' title="bbox 0 0 1193 3516">
     <span class='ocr_line' id='line_1_31' title="bbox 0 0 1193 3516; baseline 0 0"><span class='ocrx_word' id='word_1_249' title='bbox 0 0 1193 3516; x_wconf 95' lang='lat' dir='ltr'><strong> </strong></span> 
     </span>
    </p>
   </div>
   <div class='ocr_carea' id='block_1_5' title="bbox 1051 3267 1161 3460">
    <p class='ocr_par' dir='ltr' id='par_1_5' title="bbox 1051 3267 1161 3460">
     <span class='ocr_line' id='line_1_32' title="bbox 1051 3267 1161 3460; baseline 0 0"><span class='ocrx_word' id='word_1_250' title='bbox 1051 3267 1161 3460; x_wconf 55' lang='grc' dir='ltr'><em>Δ</em></span> 
     </span>
    </p>
   </div>
  </div>
 </body>
</html>
