2360 3516
420 255 460 303 rr.
488 243 609 305 ruini
626 242 832 306 ciceronis

300 423 348 472 Ille
358 425 398 472 vir
408 423 481 472 haud
494 426 591 486 magna
601 437 664 474 cum
672 427 710 485 re,
720 424 767 474 scd
779 424 891 486 plenusl
902 423 967 476 fidei
976 425 1002 488 ;2
1062 427 1065 432 “

168 575 357 633 quamquam
372 556 475 616 eerto⁵
490 557 552 616 seio
567 567 639 632 non,
654 563 691 616 ut
705 557 928 632 Flamininum,

299 703 442 752 Sollicitari
454 707 490 762 te,
502 703 570 763 Tite,
583 705 622 754 sic
633 707 780 766 noctesque
791 703 902 766 diesque
912 722 919 767 ;

167 844 242 894 novi
258 835 341 894 enim
360 837 605 896 moderationem
626 837 724 896 animi
744 842 793 896 tui
813 842 846 896 et
867 837 1065 914 aequitatem,

132 955 146 1001 5
167 937 260 1008 teque
274 942 338 991 non
352 941 522 1008 cognomen
537 933 638 992 solum
652 933 789 992 Athenis
808 934 998 1011 deportasse,
1014 933 1067 993 sed

167 1027 396 1087 humanitatem
411 1035 443 1088 et
457 1029 656 1106 prudentiam
671 1029 829 1105 intellego.
865 1031 908 1088 Et
919 1035 1025 1089 tamen
1035 1035 1067 1088 te

168 1124 308 1200 suspicor
323 1126 439 1184 eisdem
454 1126 546 1185 rebus
561 1125 675 1202 quibus
696 1135 745 1184 me
766 1125 889 1203 ipsum⁴
909 1126 1067 1185 interdum

168 1221 293 1296 gravius
308 1231 502 1296 commoveri,
518 1231 650 1298 quarum
665 1222 836 1282 consolatio
855 1228 887 1282 et
908 1222 1007 1281 maior
1021 1228 1068 1282 est

168 1317 247 1376 etin
262 1317 348 1376 aliud
362 1324 486 1394 tempus
501 1318 682 1378 differenda.
724 1319 818 1378 Nunc
839 1325 944 1378 autem
965 1329 1068 1378 visum

119 1443 147 1474 10
168 1415 235 1474 est⁶
262 1415 340 1472 mihi
363 1415 401 1473 do
424 1421 583 1474 senectute
606 1415 727 1492 aliquid
750 1416 790 1474 ad
809 1421 841 1474 te
866 1417 1066 1476 conscribere.

167 1513 195 1570 2.
225 1513 294 1571 Hoc
310 1511 393 1570 enim
408 1530 508 1586 onere,
525 1513 608 1588 quod
622 1512 700 1570 mihi
714 1521 876 1570 commune
891 1517 995 1571 tecum
1010 1518 1066 1585 est,

168 1615 223 1668 aut
247 1609 310 1668 iam
331 1608 472 1682 urgentis
494 1613 549 1666 aut
570 1615 653 1668 certe
675 1609 875 1668 adventantis
898 1609 1068 1668 senectutis

168 1716 199 1764 et
214 1710 245 1763 te
260 1711 292 1764 et
306 1715 355 1763 me
370 1703 465 1763 etiam
480 1704 583 1781 ipsum
598 1705 697 1763 levari
711 1705 797 1780 volo3
820 1710 881 1764 etsi
894 1710 926 1764 te
942 1705 1067 1782 quidem

168 1801 201 1860 id
215 1801 333 1860 modice
348 1810 383 1860 ac
398 1800 564 1877 sapienter,
578 1806 658 1860 sicut
673 1801 786 1876 omnia,
802 1807 833 1860 et
847 1801 930 1860 ferre
945 1807 977 1860 et
991 1802 1068 1860 latu-

120 1922 145 1967 15
168 1917 236 1956 rum
251 1916 319 1956 esse
334 1896 437 1956 certo³
455 1897 526 1956 seio.
571 1898 632 1957 Sed
652 1897 739 1972 mihi,
755 1916 826 1956 cum
847 1899 885 1956 de
908 1903 1067 1958 senectute

168 1994 281 2052 vellem
310 1993 430 2070 aliquid
457 1994 599 2067 scribere,
623 2000 659 2052 tu
687 1995 866 2054 occurrebas
892 1995 1007 2068 dignus
1032 2003 1067 2052 eo

167 2100 304 2164 munere,
317 2100 377 2166 quo
388 2095 520 2166 uterque
534 2095 676 2149 nostrum
691 2090 896 2149 communiter
907 2089 1068 2150 uteretur.⁶

167 2186 250 2245 Mihi
265 2186 390 2263 quidem
405 2186 451 2244 ita
465 2187 601 2244 iucunda
614 2186 708 2245 huius
723 2187 797 2246 libri
818 2186 973 2264 confectio
994 2186 1066 2260 fuir,

167 2291 277 2343 utnon
287 2283 379 2342 modo
390 2282 508 2342 omnis⁷
523 2283 704 2342 absterserit
716 2283 886 2342 senectutis
898 2283 1067 2356 molestiae,

121 2410 146 2439 20
168 2381 223 2440 sed
237 2379 375 2439 effecerit
389 2379 515 2438 mollem
530 2378 625 2438 etiam
640 2384 672 2438 et
686 2379 853 2438 iucundam
865 2385 1066 2438 senectutem.

166 2478 348 2553 Numquam
373 2476 469 2550 igitur
494 2475 571 2534 satis
597 2475 691 2550 digne
719 2475 842 2534 laudari
870 2475 1069 2553 philosophia

190 2651 199 2683 ¹
211 2651 313 2708 plenus,
327 2650 355 2695 A.
367 2649 388 2694 dr
400 2648 428 2695 G.
439 2650 490 2704 375,
503 2663 531 2706 α,
549 2647 578 2694 G.
590 2648 611 2693 or
622 2648 649 2694 L.
659 2649 711 2703 703,
722 2648 793 2694 Rem.
803 2649 830 2706 3;
847 2647 879 2693 Η.
889 2648 942 2703 608,
954 2651 976 2704 1,
987 2662 1011 2694 n.
1019 2648 1041 2694 3.

188 2717 199 2750 ²
207 2719 279 2776 fidei,
292 2718 322 2763 A.
335 2717 356 2762 &
367 2717 397 2763 G.
408 2719 445 2772 72,
458 2731 497 2770 n.;
515 2716 545 2762 G.
558 2716 579 2760 or
590 2716 618 2760 L.
629 2717 666 2772 63,
678 2718 700 2770 2,
712 2729 737 2760 n.
750 2718 776 2773 1;
793 2715 825 2760 H.
837 2716 889 2770 585,
901 2715 977 2761 111.1.

188 2785 199 2817 ⁸
215 2790 281 2832 certo
291 2786 352 2841 scio,
364 2787 395 2830 A.
408 2785 470 2830 &G
483 2786 534 2838 151,
547 2798 567 2829 c.

188 2853 198 2885 ⁴
213 2867 252 2899 me
263 2854 356 2910 iprum,
369 2855 398 2897 A.
412 2853 432 2898 or
445 2853 474 2899 G.
487 2853 537 2907 336,
550 2865 574 2906 α,
592 2854 613 2906 1,
624 2852 694 2898 Rem.

188 2920 199 2954 ⁵
212 2922 353 2976 cicumeat,
365 2921 395 2966 G.
408 2921 428 2966 or
440 2921 468 2965 L.
479 2921 530 2974 528,
542 2921 564 2974 2,
575 2919 646 2964 Rem.
658 2921 685 2975 2;
702 2919 734 2964 H.
746 2919 797 2973 534,
810 2921 831 2972 1,
843 2932 868 2963 n.
880 2920 901 2962 1.

188 2988 200 3021 θ
214 2993 338 3044 uteretur,
350 2989 381 3034 A.
394 2987 415 3033 dr
427 2988 457 3034 G.
469 2989 525 3044 320;
542 2987 572 3033 G.
585 2987 606 3032 dr
618 2987 646 3032 L.
657 2987 709 3042 631,
721 2988 748 3040 2;
765 2987 797 3030 Η.
810 2987 861 3030 503.

189 3054 306 3112 iamnes,
319 3057 348 3101 A.
362 3057 382 3101 or
394 3056 424 3102 G.
435 3057 472 3112 55,
485 3069 510 3112 c;
528 3053 557 3101 G.
571 3054 591 3099 u
603 3053 630 3098 L.
642 3055 680 3108 57,
692 3054 762 3099 Rem.
774 3056 801 3108 5;
819 3053 851 3098 Η.
863 3055 899 3099 07.
