2360 3516
93 227 98 237 ⁸
194 245 235 310 16
438 261 478 308 n.
506 249 626 310 Turni
645 247 851 309 eronnervrs

193 433 341 503 fiteretun
358 429 413 488 sed
427 428 566 502 censilie,
589 427 718 502 ratiene,
734 429 909 504 sententie;
932 448 1013 506 quoe
1033 431 1092 492 nisi

192 529 297 584 essent
318 524 352 582 in
373 524 508 599 senibus,
524 534 587 583 non
609 544 764 584 summum
780 525 945 584 sensilium
961 527 1091 590 maiores

191 626 292 680 nostri
315 621 528 698 appellassent
553 626 703 680 sonetum.
746 622 793 679 20.
824 621 920 699 Apud
943 623 1093 683 Lacedae

191 717 311 776 monies
332 718 458 794 quidem
481 727 519 792 ei,
549 727 603 794 qui
624 717 853 794 amplissimum
874 718 1092 792 magistratum

153 836 167 882 5
191 820 311 889 gerunt,
327 820 363 873 ut
378 820 460 888 sunt,
476 824 521 874 sie
538 815 634 873 etiam
649 814 849 873 nominantur
861 824 959 874 senes.
1004 816 1092 886 Quod

174 906 219 970 'si
240 910 342 985 legere
363 916 418 970 aut
439 911 548 970 audire
566 908 697 969 voletisl
716 916 854 985 externa,
870 911 1023 972 meximes
1044 923 1091 974 res

190 1007 331 1084 publices
354 1008 393 1066 ab
414 1007 666 1066 adulescentibus
687 1007 903 1082 labefactetes,
926 1017 945 1066 e
967 1009 1092 1070 senibus

190 1109 383 1164 sustentetes
398 1109 430 1162 et
444 1103 609 1163 restitutas
624 1103 798 1180 reperietis.

190 1216 283 1277 Cedo,2
295 1220 342 1279 qui
353 1223 473 1266 vestram
485 1230 541 1265 rem
553 1216 689 1278 peblieam
698 1221 803 1266 tentam
813 1217 941 1268 emisistis
952 1222 1008 1268 tam
1021 1219 1091 1270 cito?

138 1335 166 1366 10
190 1317 241 1376 Sic
256 1317 338 1376 enirn
353 1321 577 1394 pereontantur
597 1315 632 1373 in
651 1317 755 1375 Naevi
768 1321 877 1393 poetae
895 1317 993 1376 Ludo.
1036 1320 1094 1378 Re-

189 1414 382 1491 spondentur
397 1419 429 1472 et
443 1412 506 1472 alin
520 1417 551 1471 et
565 1412 623 1471 hoe
638 1412 672 1470 in
686 1423 813 1489 primis:

286 1527 484 1577 Proveniebant
496 1529 618 1576 ereteres
630 1531 701 1586 novi,
715 1525 792 1575 stulti
803 1526 1008 1577 adulescentuli.

187 1627 361 1686 Temenites
383 1631 432 1686 est
452 1624 602 1683 videlieet
622 1625 763 1686 flerentis
784 1626 906 1701 notetis
925 1627 1095 1703 prudentie
1172 1615 1173 1622 ἵ

188 1723 388 1784 senescentis.

487 1836 690 1897 CHAPTER
718 1837 792 1897 VII.

186 1981 251 2032 And
266 1983 293 2044 ty
306 1984 363 2032 itis
379 1981 492 2042 objectet
510 1982 567 2031 that
582 1979 641 2029 ‘old
653 1982 740 2028 men's
753 1993 874 2042 memory
886 1979 948 2030 falls
963 1981 1018 2030 und
1029 1982 1095 2032 thus

227 2061 311 2112 unfits
327 2064 401 2112 thern
418 2063 462 2110 for
478 2063 545 2112 such
562 2062 669 2123 duties‚’
688 2065 707 2112 I
720 2078 823 2113 orrswer
840 2065 897 2114 that
914 2065 959 2114 old
976 2079 1037 2114 men
1055 2081 1095 2115 re-

228 2147 344 2196 member
360 2147 432 2195 what
449 2147 508 2206 tneo
522 2160 582 2195 earo
600 2153 627 2195 to
646 2147 799 2195 remember.
835 2148 918 2196 Ioan
931 2149 1013 2208 point
1031 2155 1058 2198 to
1078 2162 1096 2198 a
1170 2197 1171 2216 χ

228 2231 292 2291 lona
305 2231 350 2278 list
368 2229 400 2291 os
408 2234 484 2290 poete
496 2229 551 2278 ond
558 2229 745 2290 philosophus
756 2230 814 2278 nto
827 2230 970 2278 continued
982 2236 1011 2280 at
1023 2231 1096 2280 their

227 2313 328 2362 several
346 2313 517 2372 occupatione
535 2317 561 2360 to
579 2317 691 2360 extreme
708 2312 753 2360 old
770 2324 837 2375 αμα
855 2312 917 2370 and,
930 2318 1009 2372 apen
1015 2314 1095 2374 from

227 2395 293 2443 enen
305 2395 421 2444 eminent
433 2408 502 2453 men,
517 2399 543 2443 to
556 2407 636 2454 many
648 2394 753 2444 humble
765 2395 886 2455 sarmers
900 2395 955 2443 and
971 2395 1096 2448 laborers

227 2477 285 2526 who
297 2479 327 2526 in
339 2476 408 2526 their
419 2490 477 2537 way
488 2477 522 2526 do
534 2476 577 2526 tlte
588 2489 670 2525 same.

136 2635 162 2682 15
226 2609 273 2666 21.
300 2606 508 2667 Atmemoria
521 2607 682 2666 minuitur.
722 2607 830 2682 Credo,
846 2607 909 2667 nisi
924 2626 992 2667 eam
1007 2627 1097 2667 exer·

186 2705 278 2780 coes³
291 2709 346 2764 eut
361 2705 457 2764 etiam
471 2714 499 2765 si
514 2714 557 2765 sis
571 2710 684 2763 nature
698 2705 824 2763 tardior.
861 2705 1094 2765 Themistocles

225 2859 235 2893 1
250 2860 346 2916 voletis,
359 2860 389 2907 A.
401 2859 422 2905 e
434 2859 464 2906 G.
476 2860 528 2915 278,
540 2859 567 2917 b;
584 2858 615 2905 G.
627 2859 648 2904 e
659 2859 687 2905 L.
699 2861 750 2914 242,
762 2859 834 2906 Rem.
846 2862 872 2917 1;
889 2860 923 2904 H.
933 2861 985 2914 4r0,
997 2861 1020 2905 2.

225 2927 236 2960 ²
253 2927 326 2984 Cedo,
339 2927 369 2975 G.
382 2928 403 2973 e
414 2928 442 2972 L.
455 2929 506 2983 175,
517 2929 540 2973 6.

185 2995 374 3111 ωὸθὲπεῖζοεαε,
389 2995 419 3040 Α.
434 2995 455 3040 e
471 2993 501 3041 G.
517 2995 570 3051 309,
586 3009 602 3041 α
609 3010 615 3053 ;
632 2994 663 3042 G.
680 2995 701 3040 e
717 2995 746 3040 L.
761 2997 815 3051 595,
825 2995 897 3042 Rem.
908 2995 930 3051 3,
946 2996 1040 3052 596,1;
1057 2994 1094 3040 H.
1167 3059 1168 3084 Χ

232 3098 239 3120 ,
266 3099 272 3113 .
