2360 3514
424 283 522 348 cera
545 284 682 348 maron.

392 545 596 606 OHAPTER
623 547 714 606 XXI.

101 709 139 758 As
153 722 191 758 roe
206 707 273 757 nure
289 708 440 757 mentioned
454 707 637 768 deoti,1uiil
654 708 712 769 pice
726 720 778 768 pou
795 719 839 768 nep
850 709 1004 757 sentimenta

141 792 260 841 thereon.
300 789 342 854 (l)
362 791 487 839 Ibetieoe
504 791 561 839 iiiut
572 790 614 838 tite
629 795 705 852 preat
719 803 778 838 men
793 790 878 838 reione
895 804 933 840 ece
951 791 1003 839 coll

140 875 209 923 deod
225 887 271 922 are
287 874 363 923 olive.
401 873 484 922 Idaei
500 874 525 921 is
543 873 589 921 bnt
606 887 623 922 u
640 879 790 934 temperare
802 873 899 934 prison
917 873 949 934 os
961 873 1004 922 tite

141 957 210 1015 soni,
224 955 345 1004 witichis
357 956 390 1018 os
397 956 486 1004 divine
498 957 595 1016 oripin.
633 955 698 1003 This
710 957 733 1003 is
745 956 840 1016 torpor
853 956 884 1016 bp
896 969 1002 1015 reason,

142 1039 197 1088 end
214 1039 240 1086 n's
256 1038 397 1099 supported
415 1038 446 1098 op
460 1038 502 1087 tte
520 1038 657 1099 cntnoritp
673 1038 705 1100 os
718 1043 794 1100 preat
805 1038 1001 1100 philosophare.

141 1121 313 1183 Pythoporos
324 1121 418 1182 irrupit
433 1121 491 1170 thot
505 1121 634 1170 thesonis
649 1121 680 1182 os
693 1134 753 1169 men
767 1135 813 1170 ure
826 1127 903 1182 ports
917 1123 949 1182 of
962 1123 1004 1171 tite

141 1209 218 1266 preat
234 1203 318 1252 world
334 1205 402 1252 seul.
445 1203 500 1252 Tne
518 1203 687 1264 capacitates
705 1203 737 1264 os
750 1203 791 1252 tie
809 1205 877 1252 soni.
912 1205 941 1252 Is
958 1211 1005 1253 not

140 1287 184 1336 tire
196 1287 257 1334 soni
269 1285 430 1348 seis-neooed,
446 1287 628 1346 incomposite,
642 1285 697 1335 ond
708 1286 837 1347 therefore
848 1287 1005 1348 imperisiec-

141 1368 205 1419 bie?
230 1368 302 1417 Does
314 1368 415 1418 notite
428 1381 488 1418 ense
499 1369 563 1418 uitii
574 1369 660 1418 ultien
671 1368 791 1417 children
801 1370 877 1418 ieorn
891 1369 1004 1418 indicate

140 1465 157 1501 n
164 1451 293 1513 wericus
305 1451 457 1503 existence?

138 1586 185 1642 tt.
215 1583 290 1642 Nan
309 1581 392 1641 enim
415 1582 507 1642 videa
532 1592 595 1658 car,
621 1581 699 1660 quid
718 1582 786 1660 ipse
810 1582 943 1642 sentiam
966 1583 1004 1643 da

99 1685 209 1754 morte,
235 1689 298 1739 nan
321 1680 454 1738 audeam
473 1679 562 1738 vobis
586 1680 697 1754 dicere,
718 1680 802 1756 quod
823 1689 859 1739 ea
880 1698 1004 1738 cernere

98 1776 177 1834 mihi
191 1775 306 1836 melius
320 1775 438 1850 videor,
449 1784 510 1852 qua
525 1775 564 1834 ab
578 1785 615 1835 ea
624 1775 771 1852 propius¹
784 1777 901 1836 absum.
936 1777 1004 1852 Ego

98 1881 219 1933 vestras
235 1877 349 1949 patras,
364 1873 399 1930 P.
417 1872 531 1950 Scipio,
546 1877 652 1950 taque,
668 1873 701 1933 Ο.
717 1872 815 1947 Laeli,
830 1872 914 1933 viras
930 1874 1004 1934 oiar-

97 1969 223 2030 issimas
237 1968 378 2046 mihique
393 1968 608 2043 amicissimas,
620 1977 726 2027 vivere
738 1969 880 2045 arbitror,
893 1976 925 2029 et
936 1989 1003 2030 eam
1027 1993 1041 2040 5

97 2067 226 2144 quidem
240 2071 348 2140 vitam,
362 2084 441 2142 quae
456 2071 504 2125 est
515 2065 581 2126 saia
591 2071 659 2124 vita
669 2065 867 2126 nominanda.
910 2068 1002 2142 Nam,

97 2165 171 2223 dum
201 2181 309 2224 sumus
337 2161 453 2222 inelnsi
481 2162 515 2220 in
542 2161 593 2222 his
622 2155 825 2240 compagibus
856 2164 1002 2241 corporis,

96 2271 225 2320 mimere
240 2259 376 2336 quadam
387 2259 585 2320 necessitatis
598 2265 630 2318 et
641 2269 730 2336 gravi
741 2279 834 2337 opere
845 2261 1004 2338 perfungi-

96 2377 183 2433 mur;
207 2362 255 2416 est
273 2354 357 2414 enim
376 2355 499 2415 animus
519 2355 662 2416 caelestis
680 2375 719 2415 ex
739 2356 894 2417 altissima
909 2357 1004 2415 domi-

96 2455 170 2514 cilio
191 2453 359 2530 depressus
379 2457 411 2512 et
431 2452 520 2530 quasi
541 2453 700 2512 demersus
716 2453 885 2528 interram,
900 2453 1002 2512 locum
1028 2478 1056 2510 10

98 2551 224 2610 divinae
251 2555 382 2608 natarae
411 2548 653 2626 aeternitatique
682 2549 884 2608 contrarium.
942 2550 1003 2609 Sed

98 2648 189 2706 creda
214 2645 288 2704 deas
311 2645 498 2705 immortalis
514 2645 667 2723 sparsisse
682 2645 802 2706 animas
821 2645 856 2704 in
874 2665 1003 2724 corpora

98 2742 243 2816 hamana,
269 2746 305 2800 ut
332 2746 446 2815 essent,
476 2761 531 2828 qur
519 2747 657 2801 'terras
684 2747 810 2801 tuerent
811 2733 857 2818 ur,
887 2728 1065 2821 quique-‘¹

99 2838 309 2898 caelestium·
294 2857 328 2897 or
351 2837 435 2897 inem
450 2856 507 2896 oon
509 2818 716 2914 temptantes
713 2817 914 2898 imitarentur
931 2859 1002 2899 eum

99 2941 181 2993 vitae
204 2934 296 2994 moda
318 2940 412 3012 atque
432 2935 617 2994 constantia.
659 2936 727 2994 Nec
741 2946 790 2994 ma
806 2936 907 2995 salum
921 2936 1002 2995 ratia
1028 2959 1054 3006 15

218 3092 230 3126 1
239 3096 356 3151 proprus,
368 3085 399 3141 Ἀ.
412 3095 434 3140 e
445 3094 476 3141 a.
488 3096 540 3150 261,
552 3107 577 3150 a,
589 3108 628 3152 n.;
646 3095 676 3142 o.
689 3095 884 3150 1113511111.
