<?xml version="1.0" encoding="UTF-8"?>
<!DOCTYPE html PUBLIC "-//W3C//DTD XHTML 1.0 Transitional//EN"
    "http://www.w3.org/TR/xhtml1/DTD/xhtml1-transitional.dtd">
<html xmlns="http://www.w3.org/1999/xhtml" xml:lang="en" lang="en">
 <head>
  <title>
</title>
<meta http-equiv="Content-Type" content="text/html;charset=utf-8" />
  <meta name='ocr-system' content='tesseract 3.04.00' />
  <meta name='ocr-capabilities' content='ocr_page ocr_carea ocr_par ocr_line ocrx_word'/>
</head>
<body>
  <div class='ocr_page' id='page_1' title='image "./mtulliciceronis00shucgoog_0094.png"; bbox 0 0 2360 3514; ppageno 0'>
   <div class='ocr_carea' id='block_1_1' title="bbox 419 281 996 346">
    <p class='ocr_par' dir='ltr' id='par_1_1' title="bbox 419 281 996 346">
     <span class='ocr_line' id='line_1_1' title="bbox 419 281 996 346; baseline 0 -1"><span class='ocrx_word' id='word_1_1' title='bbox 419 282 517 345; x_wconf 72' lang='lat' dir='ltr'>ciro</span> <span class='ocrx_word' id='word_1_2' title='bbox 541 283 677 345; x_wconf 73' lang='lat' dir='ltr'>nares.</span> <span class='ocrx_word' id='word_1_3' title='bbox 955 281 996 346; x_wconf 82' lang='grc'>47</span> 
     </span>
    </p>
   </div>
   <div class='ocr_carea' id='block_1_2' title="bbox 91 463 1036 1200">
    <p class='ocr_par' dir='ltr' id='par_1_2' title="bbox 91 463 1036 1200">
     <span class='ocr_line' id='line_1_2' title="bbox 91 463 999 541; baseline 0 -17"><span class='ocrx_word' id='word_1_4' title='bbox 91 465 213 524; x_wconf 82' lang='lat' dir='ltr'>tentiae</span> <span class='ocrx_word' id='word_1_5' title='bbox 225 463 436 541; x_wconf 70' lang='lat' dir='ltr'>principatum</span> <span class='ocrx_word' id='word_1_6' title='bbox 452 469 547 538; x_wconf 89' lang='lat' dir='ltr'>tenet,</span> <span class='ocrx_word' id='word_1_7' title='bbox 558 483 659 541; x_wconf 87' lang='lat' dir='ltr'>neque</span> <span class='ocrx_word' id='word_1_8' title='bbox 670 464 770 524; x_wconf 90' lang='lat' dir='ltr'>solum</span> <span class='ocrx_word' id='word_1_9' title='bbox 785 465 901 524; x_wconf 89' lang='lat' dir='ltr'>honore</span> <span class='ocrx_word' id='word_1_10' title='bbox 916 470 999 524; x_wconf 74' lang='lat' dir='ltr'>ante</span> 
     </span>
     <span class='ocr_line' id='line_1_3' title="bbox 91 561 997 638; baseline 0 -17"><span class='ocrx_word' id='word_1_11' title='bbox 91 561 289 634; x_wconf 73' lang='lat' dir='ltr'>cedentibus</span> <span class='ocrx_word' id='word_1_12' title='bbox 313 561 368 620; x_wconf 89' lang='lat' dir='ltr'>sed</span> <span class='ocrx_word' id='word_1_13' title='bbox 392 570 436 620; x_wconf 90' lang='lat' dir='ltr'>eis</span> <span class='ocrx_word' id='word_1_14' title='bbox 462 561 566 635; x_wconf 90' lang='lat' dir='ltr'>etiam,</span> <span class='ocrx_word' id='word_1_15' title='bbox 590 570 645 637; x_wconf 93' lang='lat' dir='ltr'>qui</span> <span class='ocrx_word' id='word_1_16' title='bbox 667 579 737 619; x_wconf 85' lang='lat' dir='ltr'>curn</span> <span class='ocrx_word' id='word_1_17' title='bbox 762 561 893 638; x_wconf 90' lang='lat' dir='ltr'>imperio</span> <span class='ocrx_word' id='word_1_18' title='bbox 915 569 997 636; x_wconf 88' lang='lat' dir='ltr'>sunt,</span> 
     </span>
     <span class='ocr_line' id='line_1_4' title="bbox 92 659 999 734; baseline 0.001 -18"><span class='ocrx_word' id='word_1_19' title='bbox 92 659 229 718; x_wconf 81' lang='lat' dir='ltr'>maiores</span> <span class='ocrx_word' id='word_1_20' title='bbox 254 663 332 716; x_wconf 83' lang='lat' dir='ltr'>nata</span> <span class='ocrx_word' id='word_1_21' title='bbox 360 667 491 732; x_wconf 75' lang='lat' dir='ltr'>auguros</span> <span class='ocrx_word' id='word_1_22' title='bbox 517 664 758 734; x_wconf 88' lang='lat' dir='ltr'>anteponuntur.</span> <span class='ocrx_word' id='word_1_23' title='bbox 812 659 897 728; x_wconf 79' lang='lat' dir='ltr'>Quae</span> <span class='ocrx_word' id='word_1_24' title='bbox 925 665 999 719; x_wconf 87' lang='lat' dir='ltr'>sunt</span> 
     </span>
     <span class='ocr_line' id='line_1_5' title="bbox 92 753 998 832; baseline 0.002 -20"><span class='ocrx_word' id='word_1_25' title='bbox 92 754 192 829; x_wconf 85' lang='lat' dir='ltr'>igitur</span> <span class='ocrx_word' id='word_1_26' title='bbox 207 753 387 830; x_wconf 82' lang='lat' dir='ltr'>voluptates</span> <span class='ocrx_word' id='word_1_27' title='bbox 402 753 540 830; x_wconf 89' lang='lat' dir='ltr'>corporis</span> <span class='ocrx_word' id='word_1_28' title='bbox 555 772 625 812; x_wconf 91' lang='lat' dir='ltr'>cum</span> <span class='ocrx_word' id='word_1_29' title='bbox 640 754 836 814; x_wconf 71' lang='lat' dir='ltr'>auctoritatis</span> <span class='ocrx_word' id='word_1_30' title='bbox 851 755 998 832; x_wconf 89' lang='lat' dir='ltr'>praemiis</span> 
     </span>
     <span class='ocr_line' id='line_1_6' title="bbox 92 849 1036 928; baseline 0 -18"><span class='ocrx_word' id='word_1_31' title='bbox 92 849 349 928; x_wconf 80' lang='lat' dir='ltr'>comparandae?</span> <span class='ocrx_word' id='word_1_32' title='bbox 390 849 509 919; x_wconf 82' lang='lat' dir='ltr'>Quibus</span> <span class='ocrx_word' id='word_1_33' title='bbox 533 859 587 926; x_wconf 89' lang='lat' dir='ltr'>qui</span> <span class='ocrx_word' id='word_1_34' title='bbox 609 850 773 927; x_wconf 78' lang='lat' dir='ltr'>splendide</span> <span class='ocrx_word' id='word_1_35' title='bbox 794 861 844 911; x_wconf 82' lang='lat' dir='ltr'>asi</span> <span class='ocrx_word' id='word_1_36' title='bbox 864 858 947 927; x_wconf 88' lang='lat' dir='ltr'>sunt,</span> <span class='ocrx_word' id='word_1_37' title='bbox 970 861 999 911; x_wconf 92' lang='lat' dir='ltr'>ei</span> <span class='ocrx_word' id='word_1_38' title='bbox 1022 872 1036 919; x_wconf 84' lang='lat'><strong>5</strong></span> 
     </span>
     <span class='ocr_line' id='line_1_7' title="bbox 93 945 1000 1023; baseline 0.001 -18"><span class='ocrx_word' id='word_1_39' title='bbox 93 947 174 1005; x_wconf 91' lang='lat' dir='ltr'>mihi</span> <span class='ocrx_word' id='word_1_40' title='bbox 198 945 347 1004; x_wconf 88' lang='lat' dir='ltr'>videntur</span> <span class='ocrx_word' id='word_1_41' title='bbox 371 946 510 1005; x_wconf 88' lang='lat' dir='ltr'>fabulam</span> <span class='ocrx_word' id='word_1_42' title='bbox 532 947 646 1006; x_wconf 88' lang='lat' dir='ltr'>aetatis</span> <span class='ocrx_word' id='word_1_43' title='bbox 668 947 825 1023; x_wconf 79' lang='lat' dir='ltr'>peregisse</span> <span class='ocrx_word' id='word_1_44' title='bbox 846 965 902 1008; x_wconf 89' lang='lat' dir='ltr'>nec</span> <span class='ocrx_word' id='word_1_45' title='bbox 923 954 1000 1007; x_wconf 91' lang='lat' dir='ltr'>tam-</span> 
     </span>
     <span class='ocr_line' id='line_1_8' title="bbox 93 1041 1000 1120; baseline 0.003 -19"><span class='ocrx_word' id='word_1_46' title='bbox 93 1061 188 1120; x_wconf 89' lang='lat' dir='ltr'>quam</span> <span class='ocrx_word' id='word_1_47' title='bbox 211 1041 603 1116; x_wconf 80' lang='lat' dir='ltr'>inexercitati,histriones</span> <span class='ocrx_word' id='word_1_48' title='bbox 626 1042 659 1100; x_wconf 91' lang='lat' dir='ltr'>in</span> <span class='ocrx_word' id='word_1_49' title='bbox 684 1049 822 1102; x_wconf 85' lang='lat' dir='ltr'>extramo</span> <span class='ocrx_word' id='word_1_50' title='bbox 844 1051 916 1103; x_wconf 76' lang='lat' dir='ltr'>actii</span> <span class='ocrx_word' id='word_1_51' title='bbox 937 1063 1000 1104; x_wconf 90' lang='lat' dir='ltr'>cor-</span> 
     </span>
     <span class='ocr_line' id='line_1_9' title="bbox 94 1157 203 1200; baseline 0.009 -3"><span class='ocrx_word' id='word_1_52' title='bbox 94 1157 203 1200; x_wconf 84' lang='lat' dir='ltr'>ruisse.</span> 
     </span>
    </p>
   </div>
   <div class='ocr_carea' id='block_1_3' title="bbox 94 1304 1000 1531">
    <p class='ocr_par' dir='ltr' id='par_1_3' title="bbox 94 1304 1000 1531">
     <span class='ocr_line' id='line_1_10' title="bbox 94 1304 998 1366; baseline 0 -12"><span class='ocrx_word' id='word_1_53' title='bbox 94 1304 125 1366; x_wconf 84' lang='lat' dir='ltr'>Is</span> <span class='ocrx_word' id='word_1_54' title='bbox 132 1305 154 1354; x_wconf 79' lang='lat' dir='ltr'>a</span> <span class='ocrx_word' id='word_1_55' title='bbox 166 1306 190 1353; x_wconf 81' lang='lat' dir='ltr'>is</span> <span class='ocrx_word' id='word_1_56' title='bbox 199 1305 305 1365; x_wconf 66' lang='lat' dir='ltr'>altered</span> <span class='ocrx_word' id='word_1_57' title='bbox 316 1305 374 1354; x_wconf 78' lang='lat' dir='ltr'>that</span> <span class='ocrx_word' id='word_1_58' title='bbox 387 1305 432 1353; x_wconf 85' lang='lat' dir='ltr'>old</span> <span class='ocrx_word' id='word_1_59' title='bbox 443 1318 491 1366; x_wconf 72' lang='lat' dir='ltr'>ace</span> <span class='ocrx_word' id='word_1_60' title='bbox 502 1306 525 1352; x_wconf 84' lang='lat' dir='ltr'>is</span> <span class='ocrx_word' id='word_1_61' title='bbox 537 1319 646 1362; x_wconf 83' lang='lat' dir='ltr'>morose,</span> <span class='ocrx_word' id='word_1_62' title='bbox 656 1305 762 1366; x_wconf 70' lang='lat' dir='ltr'>pervisa</span> <span class='ocrx_word' id='word_1_63' title='bbox 772 1306 827 1354; x_wconf 80' lang='lat' dir='ltr'>aad</span> <span class='ocrx_word' id='word_1_64' title='bbox 838 1308 998 1365; x_wconf 80' lang='lat' dir='ltr'>avaricious,</span> 
     </span>
     <span class='ocr_line' id='line_1_11' title="bbox 135 1387 1000 1448; baseline 0.005 -12"><span class='ocrx_word' id='word_1_65' title='bbox 135 1387 154 1436; x_wconf 94' lang='grc' dir='ltr'><em>Ι</em></span> <span class='ocrx_word' id='word_1_66' title='bbox 162 1400 268 1436; x_wconf 68' lang='lat' dir='ltr'>damner</span> <span class='ocrx_word' id='word_1_67' title='bbox 283 1387 341 1436; x_wconf 72' lang='lat' dir='ltr'>etat</span> <span class='ocrx_word' id='word_1_68' title='bbox 354 1387 424 1436; x_wconf 74' lang='lat' dir='ltr'>these</span> <span class='ocrx_word' id='word_1_69' title='bbox 440 1401 487 1436; x_wconf 83' lang='lat' dir='ltr'>are</span> <span class='ocrx_word' id='word_1_70' title='bbox 497 1387 588 1448; x_wconf 78' lang='lat' dir='ltr'>saulis</span> <span class='ocrx_word' id='word_1_71' title='bbox 602 1388 634 1448; x_wconf 85' lang='lat' dir='ltr'>os</span> <span class='ocrx_word' id='word_1_72' title='bbox 642 1387 817 1447; x_wconf 75' lang='lat' dir='ltr'>individuale,</span> <span class='ocrx_word' id='word_1_73' title='bbox 827 1389 882 1438; x_wconf 84' lang='lat' dir='ltr'>aad</span> <span class='ocrx_word' id='word_1_74' title='bbox 894 1403 939 1438; x_wconf 84' lang='lat' dir='ltr'>arc</span> <span class='ocrx_word' id='word_1_75' title='bbox 952 1395 1000 1440; x_wconf 81' lang='lat' dir='ltr'>not</span> 
     </span>
     <span class='ocr_line' id='line_1_12' title="bbox 135 1469 664 1531; baseline -0.002 -13"><span class='ocrx_word' id='word_1_76' title='bbox 135 1469 274 1518; x_wconf 81' lang='lat' dir='ltr'>universal</span> <span class='ocrx_word' id='word_1_77' title='bbox 286 1469 500 1518; x_wconf 77' lang='lat' dir='ltr'>characteristica</span> <span class='ocrx_word' id='word_1_78' title='bbox 512 1469 544 1530; x_wconf 86' lang='lat' dir='ltr'>os</span> <span class='ocrx_word' id='word_1_79' title='bbox 552 1470 597 1518; x_wconf 84' lang='lat' dir='ltr'>old</span> <span class='ocrx_word' id='word_1_80' title='bbox 608 1483 664 1531; x_wconf 73' lang='lat' dir='ltr'>aye.</span> 
     </span>
    </p>
   </div>
   <div class='ocr_carea' id='block_1_4' title="bbox 93 1621 1051 2840">
    <p class='ocr_par' dir='ltr' id='par_1_4' title="bbox 93 1621 1051 2840">
     <span class='ocr_line' id='line_1_13' title="bbox 93 1621 1051 1683; baseline 0.002 -2"><span class='ocrx_word' id='word_1_81' title='bbox 93 1622 141 1681; x_wconf 90' lang='lat'>65.</span> <span class='ocrx_word' id='word_1_82' title='bbox 170 1621 217 1680; x_wconf 89' lang='lat' dir='ltr'>At</span> <span class='ocrx_word' id='word_1_83' title='bbox 231 1627 307 1680; x_wconf 88' lang='lat' dir='ltr'>sunt</span> <span class='ocrx_word' id='word_1_84' title='bbox 323 1630 438 1681; x_wconf 87' lang='lat' dir='ltr'>morosi</span> <span class='ocrx_word' id='word_1_85' title='bbox 452 1627 485 1681; x_wconf 87' lang='lat' dir='ltr'>et</span> <span class='ocrx_word' id='word_1_86' title='bbox 499 1621 587 1680; x_wconf 84' lang='lat' dir='ltr'>anxii</span> <span class='ocrx_word' id='word_1_87' title='bbox 601 1627 633 1680; x_wconf 91' lang='lat' dir='ltr'>et</span> <span class='ocrx_word' id='word_1_88' title='bbox 651 1623 792 1681; x_wconf 81' lang='lat' dir='ltr'>iracundi</span> <span class='ocrx_word' id='word_1_89' title='bbox 810 1627 842 1682; x_wconf 86' lang='lat' dir='ltr'>et</span> <span class='ocrx_word' id='word_1_90' title='bbox 856 1621 997 1683; x_wconf 77' lang='lat' dir='ltr'>difficiles</span> <span class='ocrx_word' id='word_1_91' title='bbox 1049 1650 1051 1654; x_wconf 53' lang='lat'><strong><em>¹</em></strong></span> 
     </span>
     <span class='ocr_line' id='line_1_14' title="bbox 94 1717 1050 1794; baseline -0.001 -16"><span class='ocrx_word' id='word_1_92' title='bbox 94 1727 192 1778; x_wconf 79' lang='lat' dir='ltr'>senes.</span> <span class='ocrx_word' id='word_1_93' title='bbox 238 1717 271 1776; x_wconf 84' lang='lat' dir='ltr'>Si</span> <span class='ocrx_word' id='word_1_94' title='bbox 286 1718 473 1794; x_wconf 87' lang='lat' dir='ltr'>quaerimus,</span> <span class='ocrx_word' id='word_1_95' title='bbox 486 1717 580 1776; x_wconf 87' lang='lat' dir='ltr'>etiam</span> <span class='ocrx_word' id='word_1_96' title='bbox 596 1727 699 1794; x_wconf 88' lang='lat' dir='ltr'>avari;</span> <span class='ocrx_word' id='word_1_97' title='bbox 722 1719 777 1778; x_wconf 87' lang='lat' dir='ltr'>sed</span> <span class='ocrx_word' id='word_1_98' title='bbox 788 1719 863 1778; x_wconf 90' lang='lat' dir='ltr'>haec</span> <span class='ocrx_word' id='word_1_99' title='bbox 878 1729 997 1778; x_wconf 90' lang='lat' dir='ltr'>morum</span> <span class='ocrx_word' id='word_1_100' title='bbox 1024 1745 1050 1777; x_wconf 88' lang='lat'>10</span> 
     </span>
     <span class='ocr_line' id='line_1_15' title="bbox 94 1801 998 1887; baseline 0.004 -16"><span class='ocrx_word' id='word_1_101' title='bbox 94 1814 174 1874; x_wconf 89' lang='lat' dir='ltr'>vitia</span> <span class='ocrx_word' id='word_1_102' title='bbox 196 1820 280 1887; x_wconf 86' lang='lat' dir='ltr'>sunt,</span> <span class='ocrx_word' id='word_1_103' title='bbox 305 1823 368 1873; x_wconf 90' lang='lat' dir='ltr'>non</span> <span class='ocrx_word' id='word_1_104' title='bbox 393 1814 571 1874; x_wconf 78' lang='lat' dir='ltr'>senectutis.</span> <span class='ocrx_word' id='word_1_105' title='bbox 634 1801 682 1873; x_wconf 79' lang='grc' dir='ltr'>Ᾰο</span> <span class='ocrx_word' id='word_1_106' title='bbox 706 1815 872 1875; x_wconf 72' lang='lat' dir='ltr'>morositas</span> <span class='ocrx_word' id='word_1_107' title='bbox 893 1821 998 1874; x_wconf 90' lang='lat' dir='ltr'>tamen</span> 
     </span>
     <span class='ocr_line' id='line_1_16' title="bbox 93 1910 997 1988; baseline 0.002 -18"><span class='ocrx_word' id='word_1_108' title='bbox 93 1917 126 1970; x_wconf 92' lang='lat' dir='ltr'>et</span> <span class='ocrx_word' id='word_1_109' title='bbox 140 1929 178 1970; x_wconf 91' lang='lat' dir='ltr'>ea</span> <span class='ocrx_word' id='word_1_110' title='bbox 198 1910 287 1984; x_wconf 88' lang='lat' dir='ltr'>vitia,</span> <span class='ocrx_word' id='word_1_111' title='bbox 309 1929 388 1988; x_wconf 89' lang='lat' dir='ltr'>quae</span> <span class='ocrx_word' id='word_1_112' title='bbox 410 1911 486 1983; x_wconf 87' lang='lat' dir='ltr'>dixi,</span> <span class='ocrx_word' id='word_1_113' title='bbox 508 1911 626 1969; x_wconf 87' lang='lat' dir='ltr'>habent</span> <span class='ocrx_word' id='word_1_114' title='bbox 647 1910 768 1988; x_wconf 90' lang='lat' dir='ltr'>aliquid</span> <span class='ocrx_word' id='word_1_115' title='bbox 787 1913 997 1973; x_wconf 83' lang='lat' dir='ltr'>excasationis</span> 
     </span>
     <span class='ocr_line' id='line_1_17' title="bbox 93 2005 998 2086; baseline 0.003 -21"><span class='ocrx_word' id='word_1_116' title='bbox 93 2017 156 2067; x_wconf 90' lang='lat' dir='ltr'>non</span> <span class='ocrx_word' id='word_1_117' title='bbox 177 2005 285 2066; x_wconf 91' lang='lat' dir='ltr'>illiusl</span> <span class='ocrx_word' id='word_1_118' title='bbox 306 2007 433 2084; x_wconf 87' lang='lat' dir='ltr'>quidem</span> <span class='ocrx_word' id='word_1_119' title='bbox 456 2007 566 2081; x_wconf 80' lang='lat' dir='ltr'>iustae,</span> <span class='ocrx_word' id='word_1_120' title='bbox 586 2007 641 2066; x_wconf 90' lang='lat' dir='ltr'>sed</span> <span class='ocrx_word' id='word_1_121' title='bbox 662 2025 741 2084; x_wconf 93' lang='lat' dir='ltr'>quae</span> <span class='ocrx_word' id='word_1_122' title='bbox 762 2008 887 2084; x_wconf 90' lang='lat' dir='ltr'>probari</span> <span class='ocrx_word' id='word_1_123' title='bbox 908 2029 998 2086; x_wconf 90' lang='lat' dir='ltr'>posse</span> 
     </span>
     <span class='ocr_line' id='line_1_18' title="bbox 94 2102 996 2182; baseline 0.003 -21"><span class='ocrx_word' id='word_1_124' title='bbox 94 2102 275 2178; x_wconf 83' lang='lat' dir='ltr'>videatur²;</span> <span class='ocrx_word' id='word_1_125' title='bbox 314 2110 472 2162; x_wconf 87' lang='lat' dir='ltr'>contemni</span> <span class='ocrx_word' id='word_1_126' title='bbox 503 2113 536 2164; x_wconf 86' lang='lat' dir='ltr'>so</span> <span class='ocrx_word' id='word_1_127' title='bbox 569 2109 690 2180; x_wconf 85' lang='lat' dir='ltr'>putant,</span> <span class='ocrx_word' id='word_1_128' title='bbox 721 2104 849 2182; x_wconf 76' lang='lat' dir='ltr'>despici,</span> <span class='ocrx_word' id='word_1_129' title='bbox 877 2107 996 2180; x_wconf 82' lang='lat' dir='ltr'>inludi;</span> 
     </span>
     <span class='ocr_line' id='line_1_19' title="bbox 94 2200 1050 2278; baseline 0.002 -19"><span class='ocrx_word' id='word_1_130' title='bbox 94 2208 255 2278; x_wconf 88' lang='lat' dir='ltr'>praeterea</span> <span class='ocrx_word' id='word_1_131' title='bbox 276 2200 309 2258; x_wconf 92' lang='lat' dir='ltr'>in</span> <span class='ocrx_word' id='word_1_132' title='bbox 330 2201 439 2277; x_wconf 87' lang='lat' dir='ltr'>fragili</span> <span class='ocrx_word' id='word_1_133' title='bbox 459 2219 587 2278; x_wconf 87' lang='lat' dir='ltr'>corpore</span> <span class='ocrx_word' id='word_1_134' title='bbox 611 2201 719 2260; x_wconf 92' lang='lat' dir='ltr'>odiosa</span> <span class='ocrx_word' id='word_1_135' title='bbox 742 2202 842 2262; x_wconf 90' lang='lat' dir='ltr'>omnis</span> <span class='ocrx_word' id='word_1_136' title='bbox 867 2203 998 2262; x_wconf 82' lang='lat' dir='ltr'>offensio</span> <span class='ocrx_word' id='word_1_137' title='bbox 1024 2229 1050 2274; x_wconf 82' lang='lat'>15</span> 
     </span>
     <span class='ocr_line' id='line_1_20' title="bbox 94 2297 997 2367; baseline 0.004 -11"><span class='ocrx_word' id='word_1_138' title='bbox 94 2305 148 2357; x_wconf 89' lang='lat' dir='ltr'>est.</span> <span class='ocrx_word' id='word_1_139' title='bbox 194 2298 279 2367; x_wconf 79' lang='lat' dir='ltr'>Quae</span> <span class='ocrx_word' id='word_1_140' title='bbox 299 2303 403 2356; x_wconf 88' lang='lat' dir='ltr'>tamen</span> <span class='ocrx_word' id='word_1_141' title='bbox 423 2297 528 2358; x_wconf 90' lang='lat' dir='ltr'>omnia</span> <span class='ocrx_word' id='word_1_142' title='bbox 549 2297 689 2357; x_wconf 88' lang='lat' dir='ltr'>dulciora</span> <span class='ocrx_word' id='word_1_143' title='bbox 706 2298 792 2356; x_wconf 82' lang='lat' dir='ltr'>fiunt</span> <span class='ocrx_word' id='word_1_144' title='bbox 810 2305 842 2358; x_wconf 87' lang='lat' dir='ltr'>et</span> <span class='ocrx_word' id='word_1_145' title='bbox 861 2299 997 2360; x_wconf 89' lang='lat' dir='ltr'>moribus</span> 
     </span>
     <span class='ocr_line' id='line_1_21' title="bbox 94 2393 999 2470; baseline 0.002 -17"><span class='ocrx_word' id='word_1_146' title='bbox 94 2394 183 2453; x_wconf 89' lang='lat' dir='ltr'>bonis</span> <span class='ocrx_word' id='word_1_147' title='bbox 198 2400 231 2453; x_wconf 87' lang='lat' dir='ltr'>et</span> <span class='ocrx_word' id='word_1_148' title='bbox 245 2393 382 2468; x_wconf 76' lang='lat' dir='ltr'>artibus,</span> <span class='ocrx_word' id='word_1_149' title='bbox 405 2393 499 2470; x_wconf 90' lang='lat' dir='ltr'>idque</span> <span class='ocrx_word' id='word_1_150' title='bbox 518 2413 588 2452; x_wconf 89' lang='lat' dir='ltr'>curn</span> <span class='ocrx_word' id='word_1_151' title='bbox 608 2394 641 2451; x_wconf 88' lang='lat' dir='ltr'>in</span> <span class='ocrx_word' id='word_1_152' title='bbox 659 2401 734 2468; x_wconf 88' lang='lat' dir='ltr'>vita,</span> <span class='ocrx_word' id='word_1_153' title='bbox 749 2401 817 2453; x_wconf 91' lang='lat' dir='ltr'>tum</span> <span class='ocrx_word' id='word_1_154' title='bbox 834 2395 867 2453; x_wconf 92' lang='lat' dir='ltr'>in</span> <span class='ocrx_word' id='word_1_155' title='bbox 888 2405 999 2455; x_wconf 86' lang='lat' dir='ltr'>scaena</span> 
     </span>
     <span class='ocr_line' id='line_1_22' title="bbox 93 2490 997 2569; baseline 0.004 -21"><span class='ocrx_word' id='word_1_156' title='bbox 93 2490 237 2565; x_wconf 87' lang='lat' dir='ltr'>intellegi</span> <span class='ocrx_word' id='word_1_157' title='bbox 262 2496 366 2567; x_wconf 86' lang='lat' dir='ltr'>potest</span> <span class='ocrx_word' id='word_1_158' title='bbox 389 2508 430 2548; x_wconf 87' lang='lat' dir='ltr'>ex</span> <span class='ocrx_word' id='word_1_159' title='bbox 455 2500 500 2550; x_wconf 93' lang='lat' dir='ltr'>eis</span> <span class='ocrx_word' id='word_1_160' title='bbox 523 2490 684 2564; x_wconf 86' lang='lat' dir='ltr'>fratribus,</span> <span class='ocrx_word' id='word_1_161' title='bbox 707 2500 762 2567; x_wconf 92' lang='lat' dir='ltr'>qui</span> <span class='ocrx_word' id='word_1_162' title='bbox 786 2491 819 2548; x_wconf 89' lang='lat' dir='ltr'>in</span> <span class='ocrx_word' id='word_1_163' title='bbox 841 2491 997 2569; x_wconf 90' lang='lat' dir='ltr'>Adelphis</span> 
     </span>
     <span class='ocr_line' id='line_1_23' title="bbox 93 2586 996 2659; baseline 0.002 -13"><span class='ocrx_word' id='word_1_164' title='bbox 93 2593 176 2646; x_wconf 83' lang='lat' dir='ltr'>sunt.</span> <span class='ocrx_word' id='word_1_165' title='bbox 220 2587 345 2657; x_wconf 81' lang='lat' dir='ltr'>Quanta</span> <span class='ocrx_word' id='word_1_166' title='bbox 363 2586 397 2644; x_wconf 92' lang='lat' dir='ltr'>in</span> <span class='ocrx_word' id='word_1_167' title='bbox 415 2586 514 2646; x_wconf 87' lang='lat' dir='ltr'>altero</span> <span class='ocrx_word' id='word_1_168' title='bbox 534 2587 655 2659; x_wconf 86' lang='lat' dir='ltr'>diritas,</span> <span class='ocrx_word' id='word_1_169' title='bbox 675 2587 709 2644; x_wconf 89' lang='lat' dir='ltr'>in</span> <span class='ocrx_word' id='word_1_170' title='bbox 729 2587 827 2646; x_wconf 88' lang='lat' dir='ltr'>altero</span> <span class='ocrx_word' id='word_1_171' title='bbox 847 2589 996 2648; x_wconf 78' lang='lat' dir='ltr'>comitas!</span> 
     </span>
     <span class='ocr_line' id='line_1_24' title="bbox 94 2682 1050 2758; baseline -0.001 -16"><span class='ocrx_word' id='word_1_172' title='bbox 94 2683 145 2742; x_wconf 86' lang='lat' dir='ltr'>Sic</span> <span class='ocrx_word' id='word_1_173' title='bbox 160 2693 194 2743; x_wconf 78' lang='lat' dir='ltr'>se</span> <span class='ocrx_word' id='word_1_174' title='bbox 210 2692 259 2743; x_wconf 81' lang='lat' dir='ltr'>ras</span> <span class='ocrx_word' id='word_1_175' title='bbox 273 2683 384 2758; x_wconf 89' lang='lat' dir='ltr'>habet;</span> <span class='ocrx_word' id='word_1_176' title='bbox 407 2689 443 2742; x_wconf 90' lang='lat' dir='ltr'>ut</span> <span class='ocrx_word' id='word_1_177' title='bbox 460 2682 542 2741; x_wconf 87' lang='lat' dir='ltr'>anim</span> <span class='ocrx_word' id='word_1_178' title='bbox 560 2692 622 2741; x_wconf 93' lang='lat' dir='ltr'>non</span> <span class='ocrx_word' id='word_1_179' title='bbox 637 2701 728 2741; x_wconf 88' lang='lat' dir='ltr'>omne</span> <span class='ocrx_word' id='word_1_180' title='bbox 743 2693 859 2757; x_wconf 91' lang='lat' dir='ltr'>vinum,</span> <span class='ocrx_word' id='word_1_181' title='bbox 876 2694 920 2743; x_wconf 93' lang='lat' dir='ltr'>sic</span> <span class='ocrx_word' id='word_1_182' title='bbox 935 2695 997 2744; x_wconf 91' lang='lat' dir='ltr'>non</span> <span class='ocrx_word' id='word_1_183' title='bbox 1022 2711 1050 2741; x_wconf 88' lang='lat'>20</span> 
     </span>
     <span class='ocr_line' id='line_1_25' title="bbox 94 2778 997 2840; baseline 0.003 -3"><span class='ocrx_word' id='word_1_184' title='bbox 94 2779 195 2840; x_wconf 89' lang='lat' dir='ltr'>omnis</span> <span class='ocrx_word' id='word_1_185' title='bbox 219 2785 332 2838; x_wconf 75' lang='lat' dir='ltr'>natura</span> <span class='ocrx_word' id='word_1_186' title='bbox 351 2785 508 2839; x_wconf 87' lang='lat' dir='ltr'>vetustate</span> <span class='ocrx_word' id='word_1_187' title='bbox 532 2778 691 2838; x_wconf 77' lang='lat' dir='ltr'>coacescit.</span> <span class='ocrx_word' id='word_1_188' title='bbox 736 2779 942 2839; x_wconf 81' lang='lat' dir='ltr'>Severitatem</span> <span class='ocrx_word' id='word_1_189' title='bbox 964 2782 997 2839; x_wconf 91' lang='lat' dir='ltr'>in</span> 
     </span>
    </p>
   </div>
   <div class='ocr_carea' id='block_1_5' title="bbox 93 2955 996 3149">
    <p class='ocr_par' dir='ltr' id='par_1_5' title="bbox 93 2955 996 3149">
     <span class='ocr_line' id='line_1_26' title="bbox 133 2955 996 3016; baseline 0.002 -14"><span class='ocrx_word' id='word_1_190' title='bbox 133 2956 142 2989; x_wconf 86' lang='lat'>¹</span> <span class='ocrx_word' id='word_1_191' title='bbox 158 2957 240 3011; x_wconf 80' lang='lat' dir='ltr'>illius,</span> <span class='ocrx_word' id='word_1_192' title='bbox 253 2957 282 3001; x_wconf 80' lang='lat' dir='ltr'>A.</span> <span class='ocrx_word' id='word_1_193' title='bbox 295 2956 316 3002; x_wconf 74' lang='lat' dir='ltr'>or</span> <span class='ocrx_word' id='word_1_194' title='bbox 327 2956 357 3003; x_wconf 84' lang='lat' dir='ltr'>G.</span> <span class='ocrx_word' id='word_1_195' title='bbox 369 2957 420 3013; x_wconf 81' lang='lat' dir='ltr'>iol,</span> <span class='ocrx_word' id='word_1_196' title='bbox 431 2969 453 3012; x_wconf 85' lang='lat' dir='ltr'>e,</span> <span class='ocrx_word' id='word_1_197' title='bbox 464 2955 514 3003; x_wconf 91' lang='lat' dir='ltr'>and</span> <span class='ocrx_word' id='word_1_198' title='bbox 530 2957 582 3011; x_wconf 87' lang='grc'><strong>195,</strong></span> <span class='ocrx_word' id='word_1_199' title='bbox 594 2969 620 3012; x_wconf 86' lang='lat' dir='ltr'>c;</span> <span class='ocrx_word' id='word_1_200' title='bbox 637 2955 667 3001; x_wconf 87' lang='lat' dir='ltr'>G.</span> <span class='ocrx_word' id='word_1_201' title='bbox 685 2955 706 3002; x_wconf 67' lang='lat' dir='ltr'>a</span> <span class='ocrx_word' id='word_1_202' title='bbox 722 2957 750 3002; x_wconf 89' lang='lat' dir='ltr'>L.</span> <span class='ocrx_word' id='word_1_203' title='bbox 766 2957 817 3012; x_wconf 76' lang='lat' dir='ltr'>aci,</span> <span class='ocrx_word' id='word_1_204' title='bbox 834 2958 904 3004; x_wconf 88' lang='lat' dir='ltr'>Rem.</span> <span class='ocrx_word' id='word_1_205' title='bbox 919 2961 946 3016; x_wconf 84' lang='lat'>4;</span> <span class='ocrx_word' id='word_1_206' title='bbox 963 2958 996 3004; x_wconf 87' lang='lat' dir='ltr'>H.</span> 
     </span>
     <span class='ocr_line' id='line_1_27' title="bbox 93 3025 844 3149; baseline -0.001 -12"><span class='ocrx_word' id='word_1_207' title='bbox 93 3025 144 3124; x_wconf 46' lang='grc' dir='ltr'>ΜΕ</span> <span class='ocrx_word' id='word_1_208' title='bbox 156 3026 287 3145; x_wconf 40' lang='lat' dir='ltr'>&amp;aazia</span> <span class='ocrx_word' id='word_1_209' title='bbox 300 3092 329 3138; x_wconf 81' lang='lat' dir='ltr'>A.</span> <span class='ocrx_word' id='word_1_210' title='bbox 341 3091 363 3137; x_wconf 79' lang='lat' dir='ltr'>n</span> <span class='ocrx_word' id='word_1_211' title='bbox 374 3092 404 3139; x_wconf 84' lang='lat' dir='ltr'>c.</span> <span class='ocrx_word' id='word_1_212' title='bbox 416 3093 473 3149; x_wconf 85' lang='lat'><strong>320;</strong></span> <span class='ocrx_word' id='word_1_213' title='bbox 490 3091 521 3138; x_wconf 82' lang='lat' dir='ltr'>c.</span> <span class='ocrx_word' id='word_1_214' title='bbox 534 3090 555 3136; x_wconf 75' lang='lat' dir='ltr'>a</span> <span class='ocrx_word' id='word_1_215' title='bbox 567 3091 594 3135; x_wconf 78' lang='lat' dir='ltr'>a.</span> <span class='ocrx_word' id='word_1_216' title='bbox 608 3079 660 3146; x_wconf 80' lang='lat'>631,</span> <span class='ocrx_word' id='word_1_217' title='bbox 672 3093 699 3149; x_wconf 84' lang='lat'>2;</span> <span class='ocrx_word' id='word_1_218' title='bbox 717 3093 811 3148; x_wconf 78' lang='grc'><strong>11615,</strong></span> <span class='ocrx_word' id='word_1_219' title='bbox 823 3095 844 3138; x_wconf 95' lang='lat'>1.</span> 
     </span>
    </p>
   </div>
   <div class='ocr_carea' id='block_1_6' title="bbox 0 0 1188 3514">
    <p class='ocr_par' dir='ltr' id='par_1_6' title="bbox 0 0 1188 3514">
     <span class='ocr_line' id='line_1_28' title="bbox 0 0 1188 3514; baseline 0 0"><span class='ocrx_word' id='word_1_220' title='bbox 0 0 1188 3514; x_wconf 95' lang='lat' dir='ltr'> </span> 
     </span>
    </p>
   </div>
  </div>
 </body>
</html>
