2360 3516
416 277 674 342 011Τό115101.
952 276 995 342 15
1093 245 1097 253 ¹

94 466 175 539 gant,
199 459 382 537 similesque
407 466 481 520 sunt
503 465 540 520 ut
562 471 590 521 si
618 471 673 538 qui
697 461 933 537 gubernatorem
961 462 996 521 in

93 557 271 633 navigando
285 555 365 614 nihil
380 576 471 632 agere
488 557 603 632 dicant,
625 577 695 616 cum
716 559 772 618 alii
792 559 890 619 males
912 578 997 619 scan-

94 653 189 731 dant,¹
200 654 258 713 adii
266 671 322 730 per
330 653 414 714 fores
423 659 557 729 cursent,
568 655 624 714 alii
634 661 789 714 sentinam
798 656 994 730 exhauriant,

93 753 148 811 ille
166 757 271 811 autem
294 749 417 809 clavum
435 757 546 811 tenens
565 751 690 828 quietus
710 753 817 811 sedeat
835 753 870 810 in
886 763 994 830 puppi,

94 858 156 908 nen
169 849 269 908 faciat
283 865 320 906 ea
334 867 412 924 quae
427 847 564 908 iuvenes.
617 847 662 908 At
676 858 750 908 vere
763 849 863 908 multe
877 851 996 910 meicra
1018 869 1032 917 5

95 951 127 1006 et
151 945 284 1004 meliora
310 944 396 1003 facit.
438 945 513 1003 Nen
537 944 657 1005 viribus
679 951 734 1004 aut
755 945 919 1006 velocitate
940 952 995 1006 aut

95 1041 253 1102 celeritate
268 1059 431 1118 corporum
452 1050 501 1101 res
522 1051 652 1117 magnae
674 1047 832 1117 geruntur,
851 1043 906 1102 sed
926 1053 996 1103 cen-

95 1138 574 1214 811151111515115551,1115511515,
597 1139 710 1216 quibus
725 1149 788 1198 ncn
806 1141 897 1198 modo
916 1140 996 1200 nen²

94 1236 203 1310 orbari,
227 1235 283 1295 sed
304 1233 399 1294 etiam
420 1244 527 1310 augeri
549 1241 691 1295 senectus
713 1235 799 1295 sciet.
845 1237 893 1295 18.
922 1237 995 1296 Nisi

93 1333 175 1392 forte
191 1350 250 1407 ego
265 1331 364 1406 vebis,
384 1337 485 1408 quiet
504 1332 594 1391 miles
612 1337 644 1390 et
660 1331 805 1392 tribunus
822 1337 853 1390 ct
872 1333 994 1407 legatus
1020 1357 1048 1390 10

93 1435 125 1488 et
144 1427 253 1488 censul
274 1433 417 1488 versatus
439 1447 509 1488 sum
530 1428 563 1486 in
584 1428 672 1487 varie
696 1447 807 1503 genere
831 1429 993 1502 bellorum,

92 1535 212 1586 cessare
221 1543 304 1584 nunc
314 1524 431 1599 videor,
443 1543 514 1584 cum
525 1525 610 1584 bella
619 1534 682 1584 11511
693 1535 773 1600 gere.
802 1525 847 1583 At
862 1531 993 1600 senetur,
1013 1525 1020 1542 ⁶

92 1641 170 1699 quac
181 1622 247 1682 sint
262 1621 406 1696 gerenda,
418 1622 595 1699 praescribe
610 1626 641 1680 et
656 1631 716 1698 quc
731 1623 836 1697 m0d63
859 1622 995 1682 Karthe

91 1719 157 1794 gint
183 1717 267 1777 male
289 1717 353 1776 iam
377 1717 432 1777 diu
456 1717 626 1793 cogitanti³
649 1718 767 1778 beilum
794 1718 895 1778 multe
922 1724 994 1778 ante

91 1814 262 1890 cesanam
293 1814 332 1873 de
354 1823 416 1890 qua
437 1823 541 1874 vereri
562 1823 626 1874 11511
648 1821 719 1873 ante
742 1815 882 1874 desinam
900 1834 993 1891 quam
1019 1839 1047 1885 15

89 1912 177 1972 illam
198 1920 337 1996 excisam
356 1929 424 1970 csse
441 1920 623 1986 ccgncven').
665 1912 712 1971 19.
742 1912 840 1981 Quam
858 1912 993 1988 palmam

88 2009 211 2068 utinam
242 2008 279 2066 'di
308 2007 509 2083 immortales
540 2007 653 2084 Scipie,
681 2007 741 2067 tibi
766 2015 932 2084 reservent,
958 2015 994 2068 ut

88 2115 140 2165 avi
154 2103 306 2181 reliquias
321 2105 526 2180 persequere!
548 2103 636 2164 cuius
655 2113 674 2163 a
691 2109 789 2163 morte
810 2106 923 2165 tertius
942 2105 993 2164 hic

88 2207 119 2261 et
139 2200 321 2262 tricesimus
343 2219 443 2260 annus
464 2205 522 2275 est,
548 2201 603 2260 sed
623 2201 803 2260 memoriam
824 2201 911 2262 iilius
932 2202 994 2260 viri

87 2308 197 2358 omnes
212 2296 372 2374 excipient
386 2306 461 2356 anni
474 2302 708 2374 consequentes
751 2298 845 2357 Anne
860 2304 932 2358 ante
943 2309 993 2357 me
1018 2324 1047 2355 ω

87 2405 250 2455 censerem
264 2399 405 2453 mortuus
420 2399 477 2468 est,
492 2412 604 2452 novem
619 2403 709 2454 annis
723 2400 795 2471 post
808 2413 911 2453 meum
926 2405 994 2454 cen-

88 2491 237 2565 sulatum,
248 2509 319 2549 cum
330 2489 438 2550 censui
449 2490 564 2549 iterum
575 2500 625 2549 me
634 2491 760 2550 censule
770 2497 891 2566 creetus
901 2499 991 2552 esset.

87 2587 175 2648 Num
189 2587 296 2663 igitur,
307 2596 335 2647 si
348 2587 389 2646 ad
403 2586 608 2646 centesimum
617 2605 733 2646 annum
742 2586 882 2668 vixits'et,
894 2607 994 2648 senec

87 2685 167 2744 tutis
188 2702 260 2742 eum
279 2702 352 2743 suae
373 2683 576 2760 paeniteret?
617 2685 685 2743 Nec
708 2683 800 2758 enirm
811 2686 993 2745 excursione

87 2797 145 2840 nec
168 2779 253 2840 saltu
273 2797 329 2839 nec
351 2779 472 2840 eminus
493 2779 595 2840 hastis
616 2785 671 2839 aut
689 2781 861 2841 comminus
879 2782 993 2858 gladiis
1018 2803 1045 2848 25

127 2954 139 2988 ¹
154 2956 290 3013 scandant,
303 2956 333 3002 A.
346 2956 367 3002 dr
378 2956 408 3004 G.
418 2957 470 3012 313,
482 2957 499 3002 d
506 2971 511 3014 ;
529 2955 559 3002 G.
572 2956 593 3002 di
604 2957 632 3002 L.
644 2957 701 3014 587,
717 2956 750 3002 Η.
761 2959 814 3014 515,
826 2958 870 3004 III.

128 3022 141 3055 ²
155 3037 208 3070 aon
218 3025 290 3070 modo
303 3038 362 3080 non,
375 3024 405 3070 G.
418 3025 439 3069 dr
450 3025 478 3070 L.
488 3025 539 3079 482,
551 3026 573 3070 5.

128 3087 141 3123 ⁸
156 3091 288 3148 cogitanti,
297 3091 327 3138 A.
337 3092 358 3138 du
367 3092 397 3138 G.
404 3093 457 3148 290,
467 3105 483 3137 α
490 3105 496 3149 ;
513 3092 544 3138 G.
554 3091 671 3148 511668,
681 3093 737 3150 230;
754 3092 785 3137 H.
794 3094 846 3148 549,
854 3095 877 3149 4,
885 3095 938 3149 467,
946 3093 991 3140 111.
