2360 3514
180 225 221 288 36
427 239 468 288 M.
494 228 617 290 111111·
635 227 841 288 creareris

180 413 351 484 quaereret,
366 412 547 466 atereturne
568 408 659 467 rebus
677 405 821 482 veneriis,
841 408 900 466 ‘Di
919 407 1079 468 meliera!'

180 505 300 581 inquit;
325 505 476 564 ‘libenter
486 513 560 563 vere
574 504 668 564 istinc
680 509 761 563 sicut
775 505 814 564 ab
829 503 956 564 domino
967 510 1082 580 agresti

180 601 502 678 acfuriesoproiugi.'
535 601 665 678 Cupidis
675 601 758 660 enim
768 611 871 659 rerum
879 600 993 660 talium
1002 601 1082 661 odio

181 718 250 757 sum
264 699 399 758 fortasse
414 703 446 757 et
460 697 627 757 molestum
642 703 690 756 est
705 707 817 771 carere,
831 697 953 757 satiatis
965 706 1040 756 vere
1051 703 1081 758 et

143 811 156 858 5
180 795 314 871 expletis
326 794 492 854 iucundius
502 800 550 854 est
560 804 664 854 carere
676 812 769 870 quam
780 793 853 852 frui.
887 793 1081 870 Quamquam
1113 784 1115 792 '

180 901 244 950 nen
257 897 341 950 caret
351 891 388 966 is,
401 901 456 968 qui
465 901 529 951 nen
540 891 713 966 desiderat3
736 899 809 966 ergo
820 890 878 950 hec
889 899 953 949 non
965 891 1082 952 deside

180 985 350 1046 rare¹d106
369 1006 436 1047 esse
458 987 632 1047 iucundius.
675 988 725 1046 48.
749 987 888 1056 Quodsi
911 986 983 1046 istis
1005 987 1082 1064 ipsis

180 1084 395 1160 voluptatibus
416 1085 497 1143 bona
518 1089 603 1143 aetas
624 1083 741 1142 fruitur
762 1083 922 1157 libentius,
945 1093 1080 1160 primum

180 1181 321 1258 parvulis
332 1181 450 1239 fruitur
461 1181 562 1254 rebus,
571 1185 608 1238 ut
620 1180 766 1255 diximus,
779 1179 891 1239 deinde
902 1189 957 1250 eis,
968 1181 1082 1257 quibus

129 1298 157 1330 10
181 1284 332 1352 senectus,
355 1277 480 1336 etiamsi
501 1286 564 1336 nan
586 1277 708 1336 abunde
729 1282 858 1354 potitur,
873 1286 936 1336 non
955 1287 1082 1338 omnine

180 1381 271 1435 caret.
315 1377 362 1436 Ut
377 1373 534 1450 Turpione
548 1372 696 1432 Ambivio
711 1373 810 1450 magis
830 1373 1013 1449 delectatur,
1029 1384 1084 1452 qui

180 1473 214 1531 in
227 1482 330 1550 prima
343 1480 437 1530 cavea
451 1475 580 1546 spectat,
596 1470 768 1529 delectatur
782 1475 889 1529 tamen
905 1470 1011 1545 etiam,
1028 1481 1083 1548 qui

179 1570 214 1628 in
224 1570 344 1643 ultima,
355 1577 399 1628 sic
411 1567 809 1644 adulescentiavoluptates
821 1572 948 1644 propter
955 1567 1083 1628 intuens

179 1667 279 1742 magis
293 1666 427 1724 fortasse
444 1664 587 1738 laetatur,
607 1664 662 1723 sed
676 1664 849 1723 delectatur
866 1663 962 1723 etiam
982 1683 1084 1724 senec-

129 1780 155 1826 15
179 1770 231 1824 tus
255 1763 364 1840 procul
388 1771 439 1820 eas
465 1765 609 1836 spectans
630 1765 755 1819 tantum
776 1766 929 1838 quantum
953 1767 1003 1821 sat
1026 1767 1080 1821 est.

179 1862 226 1920 49.
242 1860 288 1918 At
301 1857 497 1936 111111111111112
511 1863 593 1932 sunt,
606 1858 755 1932 animum,
768 1863 928 1934 tamquam
943 1859 1082 1918 emeritis

180 1957 346 2033 stipendiis
363 1955 513 2030 libidinis,
534 1954 724 2028 ambitionis
743 1953 962 2029 contentionis,
981 1955 1083 2013 inimi-

179 2053 325 2112 citiarum
334 2052 542 2128 cupiditatum
552 2051 700 2126 omnium,
712 2062 815 2112 secum
825 2069 892 2111 esse
904 2060 1080 2128 secumque,

178 2155 215 2208 ut
228 2149 352 2223 dicitur,
367 2158 474 2206 vivere
485 2151 490 2206 1
534 2148 568 2207 Si
581 2158 655 2208 vero
669 2148 764 2207 habet
778 2147 906 2224 aliquod
919 2152 1082 2225 tamquam

127 2267 156 2298 20
179 2246 328 2324 pabulum
357 2245 441 2304 studi
469 2249 563 2321 atque
595 2245 763 2318 doctrinae,
791 2244 873 2302 nihil
901 2250 950 2304 est
981 2245 1083 2305 otiosa

179 2348 338 2404 senectute
359 2342 533 2401 iucundius.
584 2341 777 2401 Videbamus
798 2340 832 2398 in
856 2340 962 2399 studia
988 2342 1083 2400 dame

178 2441 280 2500 tiendi
291 2457 388 2517 paene
400 2439 478 2498 caeli
489 2443 583 2515 atque
595 2443 696 2496 terrae
709 2438 740 2498 O.
755 2437 879 2510 Galum,
889 2437 1080 2496 familiarem

179 2538 278 2614 patris
290 2543 346 2610 tui,
363 2535 475 2612 Scipia.
518 2535 670 2604 Quotiens
682 2534 773 2592 illum
788 2533 843 2591 11111
854 2539 949 2592 nocta
960 2533 1083 2611 aliquid

180 2635 353 2694 describere
374 2632 558 2707 ingressum,
578 2631 804 2708 quotiensnon
825 2629 991 2706 oppressit,
1011 2649 1083 2688 cum

127 2749 156 2797 25
179 2740 270 2790 mane
284 2729 453 2806 coepisset!
496 2728 595 2798 Quam
610 2727 785 2787 delectabat
801 2745 871 2785 eum
889 2726 1083 2786 defectiones

180 2828 256 2889 solis
268 2832 299 2886 et
310 2827 402 2886 lunae
413 2825 513 2885 multo
525 2830 596 2884 ante
607 2824 895 2900 nobispraedicerei
931 2823 979 2882 50.
999 2822 1084 2893 Quid

305 2979 315 3012 1
330 2979 481 3035 desiderare,
493 2978 523 3024 G.
537 2978 557 3022 dr
568 2979 596 3023 L.
608 2979 660 3032 421,
672 2989 697 3021 n.
709 2977 731 3021 2.

305 3046 316 3079 ²
331 3047 432 3105 quanti,
444 3047 474 3090 A.
487 3046 508 3090 &
520 3045 549 3090 G.
561 3047 612 3099 252,
624 3058 653 3100 o;
670 3043 700 3089 G.
713 3043 735 3088 81
746 3043 773 3087 L.
785 3043 841 3099 3803
858 3042 891 3086 H.
902 3043 954 3087 405.
