2360 3514
424 262 522 324 nerei
546 261 683 324 mirae.

381 515 585 576 CHAPTER
613 517 722 576 XXII.

99 681 152 730 For
164 680 297 742 example,
314 679 391 727 listen
404 683 430 727 to
443 678 485 728 the
497 678 578 740 ἀνίης
590 679 681 739 speech
693 678 726 740 os
737 677 821 739 Cyrus
835 685 861 728 io
875 679 918 728 his
931 693 1005 729 sons:

140 764 193 814 The
206 763 269 812 soal
282 763 308 810 is
322 761 453 810 invisible.
493 761 546 809 Tlie
560 761 652 822 spirits
668 761 701 822 os
713 761 755 810 ite
771 762 838 810 dead
853 763 909 810 stili
925 763 1003 824 imia-

137 859 199 896 enee
213 843 360 894 assotiat
375 857 413 892 we
427 843 572 892 remember
583 843 660 892 tieem.
699 843 752 892 The
769 845 828 892 soal
841 844 919 905 freed
929 845 1004 907 from

137 929 179 978 the
193 928 263 988 body
275 927 300 975 is
312 926 449 975 ermobled.
487 925 575 975 Deam
588 927 612 974 is
625 925 678 974 like
689 927 766 987 sieep.

136 1074 183 1132 79.
216 1070 334 1148 Apud¹
353 1070 596 1148 Xenophimtem
617 1075 722 1128 autem
746 1070 881 1130 moriens
904 1071 1004 1148 Cyrus

97 1169 199 1228 maior
209 1168 288 1226 haec
299 1166 388 1226 dicit:
406 1165 543 1226 ‘Neine
553 1165 707 1239 arbitrari,
724 1154 749 1226 ὒ
761 1166 840 1225 mihi
851 1167 1005 1227 carissimi

96 1265 169 1340 filii,
187 1273 249 1338 me,
259 1263 454 1323 eumavibis
464 1263 645 1336 discessere,
654 1282 809 1340 nusquam
819 1269 874 1322 aut
882 1264 1004 1322 nullum

97 1363 173 1421 fore.
230 1361 298 1420 Nee
326 1359 418 1435 enim,
444 1361 518 1418 dum
543 1359 647 1419 eram³
669 1360 840 1433 vobiscum,
866 1359 1004 1418 animum

97 1477 205 1518 meum
219 1456 385 1531 videbatis,
401 1457 456 1516 sed
470 1474 541 1515 eum
556 1474 623 1516 esse
637 1455 672 1514 in
687 1455 746 1514 hie
762 1474 889 1532 corpore
906 1475 945 1514 ex
960 1466 1004 1516 eis
1028 1481 1042 1527 5

97 1556 192 1616 rebus
211 1563 289 1631 quas
308 1554 452 1629 gerebam
467 1552 706 1627 intellegebatie.
749 1553 892 1611 Eundem
907 1552 1005 1627 igitur

98 1671 166 1714 esse
185 1650 349 1724 creditite,
369 1649 495 1708 etiamsi
516 1649 639 1707 millum
660 1648 817 1709 videbitis
860 1651 907 1708 80.
937 1651 1004 1708 Nee

98 1759 172 1810 veri>
194 1748 352 1808 elarirum
372 1746 512 1806 virerum
534 1751 606 1822 post
628 1751 760 1804 mortem
782 1745 915 1806 honeris
937 1764 1004 1823 per-

98 1850 273 1919 manerent,
294 1853 322 1904 si
339 1842 422 1902 nihil
440 1852 545 1902 etrum
564 1841 703 1918 ipserum
723 1841 821 1900 animi
839 1842 1003 1918 efficerent,

99 1952 160 2020 qud
173 1941 293 2000 diritius
304 1939 487 1998 memoriam
500 1948 549 1998 sui
557 1944 742 1998 teneremus.
786 1939 868 1997 Mihi
878 1940 1004 2016 quidem
1029 1969 1057 1999 10

99 2057 270 2116 numquam
282 2037 465 2114 persuaderi
479 2035 583 2112 potuit
598 2035 727 2108 arumde,
743 2035 817 2094 dum
828 2036 862 2094 in
873 2037 1005 2114 eorpori-

99 2135 157 2195 bus
172 2139 279 2194 essent
296 2133 490 2205 mortalibus,
511 2141 625 2205 vivere,
645 2150 716 2190 eum
738 2133 944 2193 excessissent
965 2153 1004 2192 ex

101 2241 154 2306 eis,
173 2239 281 2305 emori,
296 2247 353 2288 nee
371 2239 446 2288 vero
460 2234 530 2287 tum
549 2228 687 2288 animum
707 2247 775 2288 esse
792 2230 1003 2306 insipientem,

101 2345 169 2386 eum
188 2345 228 2386 ex
245 2325 410 2404 insipienti
428 2343 555 2402 corpore
577 2325 738 2400 evasisset,
757 2327 809 2385 sed
830 2345 900 2384 eum
919 2337 1004 2385 omni

101 2423 294 2483 admixtione
313 2421 450 2500 eorporis
467 2421 618 2482 liberatus
636 2432 733 2500 purus
751 2428 783 2480 et
799 2421 920 2497 integer
937 2442 1003 2483 esse
1029 2445 1055 2492 15

102 2521 264 2598 coepisset,
286 2524 354 2578 tum
376 2536 442 2578 esse
464 2518 646 2596 sapientem.
689 2518 795 2596 Atque
818 2519 912 2578 etiam
933 2538 1003 2578 eum

101 2615 238 2676 hominis
252 2621 366 2674 natura
382 2620 482 2674 morte
503 2615 694 2688 dissolvitur,
711 2621 883 2674 ceterarum
900 2626 1003 2676 rerum

101 2713 301 2792 perspicuum
316 2717 364 2771 est
378 2721 440 2788 que
455 2729 596 2788 quaeque
612 2711 766 2785 discedam
790 2712 906 2771 abeunt
920 2713 1003 2772 enim

139 2873 244 2932 1apuei
257 2871 287 2916 A.
299 2871 320 2916 dr
332 2871 362 2918 G.
373 2873 424 2926 258,
438 2885 458 2927 e,
470 2873 492 2926 2,
504 2885 530 2917 n.
541 2873 568 2928 23
586 2871 615 2919 G.
629 2871 649 2916 ir
661 2871 688 2916 L.
699 2873 752 2927 416,
763 2873 790 2928 4;
807 2872 900 2929 Η.433,
912 2875 933 2920 1.

138 2941 150 2974 ²
164 2941 253 2987 Nolite
265 2939 398 2995 arbitrari,
409 2940 439 2984 Α.
452 2939 473 2983 ir
485 2939 514 2986 G.
526 2941 577 2994 269,
590 2953 615 2995 α,
626 2941 651 2996 2;
667 2939 697 2986 G.
708 2939 729 2984 iz
740 2940 767 2984 L.
777 2941 829 2994 271,
837 2942 864 2997 2;
881 2941 913 2986 H.
922 2943 973 2997 489,
983 2943 1002 2988 Ι.

138 3009 150 3042 ⁸
164 3011 229 3056 dum
240 3021 320 3064 eram,
331 3008 362 3053 A.
375 3008 396 3052 ir
407 3007 437 3053 G.
448 3008 499 3063 276,
515 3019 536 3064 e,
549 3020 575 3052 n.
582 3020 588 3064 ;
604 3007 633 3052 G.
650 3007 671 3052 dr
686 3007 714 3052 L.
725 3009 776 3063 570,
788 3009 841 3062 569;
858 3009 891 3053 Η.
904 3011 957 3066 519,
973 3010 1003 3066 1.,

101 3078 152 3130 467,
163 3079 187 3134 4,
198 3075 263 3122 with
274 3087 298 3119 n.
