2360 3514
413 255 513 319 care
536 257 674 319 Meron.
953 255 995 318 49

129 438 210 501 hopes
217 452 228 503 ;
244 438 286 502 (5)
299 439 331 488 he
341 439 391 490 has
401 439 444 488 tte
453 440 580 501 plcusztre
590 440 622 502 os
629 453 747 502 memora
754 453 765 503 ,·
786 438 828 503 (6)
839 439 902 498 und,
914 439 995 489 ubouc
1014 414 1017 422 ¹

128 523 176 581 ull,
185 523 217 571 hc
225 522 282 571 dies
291 523 403 571 without
411 523 529 584 struuplc
539 535 569 571 or
580 523 740 582 reluctante,
751 522 803 572 lilcc
813 523 854 572 tta
864 522 995 584 droppinp

129 606 161 667 os
174 606 231 666 ripe
244 605 326 666 fruit.

89 755 133 812 67.
157 753 241 822 Quid
269 753 366 828 igitur
394 752 544 828 timeam,¹
573 763 601 813 si
629 760 684 813 aut
711 763 773 813 nen
801 754 897 813 miser
923 759 996 832 post

89 856 220 908 mortem
232 855 288 908 aut
298 850 408 909 beatus
420 850 516 910 etiam
528 850 655 910 futurus
671 852 766 910 sum?
801 851 995 928 Quamquam

90 947 158 1022 quis
173 952 224 1005 est
245 952 310 1004 tam
332 946 458 1022 stultns,
474 957 618 1024 quamvls
640 946 701 1006 sit²
718 945 909 1021 adulescens,
925 945 996 1006 οιιῑ8

89 1043 129 1102 sit
157 1042 357 1119 expleretum
389 1053 421 1102 se
453 1044 492 1102 ad
521 1061 686 1120 vesperum
715 1061 783 1102 esse
811 1046 994 1103 victarum?

88 1139 169 1209 Quin
199 1139 295 1198 etiam
324 1146 410 1199 actes
438 1139 496 1198 illa
519 1139 619 1199 multe
644 1139 744 1216 pluris
769 1157 863 1216 quam
888 1145 996 1200 nostra
1018 1165 1033 1213 5

88 1243 178 1296 cessis
207 1235 318 1295 mortis
346 1235 456 1311 habet3
487 1235 613 1295 facilius
638 1236 672 1293 in
700 1235 823 1294 morbes
851 1235 995 1295 incidunt

88 1332 314 1406 adulescentes,
341 1333 467 1407 gravius
492 1339 665 1407 aegretant,
687 1331 811 1392 tristius
836 1339 992 1392 curantur.

88 1429 202 1507 Itaque
224 1437 316 1506 pauci
337 1429 470 1488 veniunt
490 1429 531 1488 ad
552 1435 760 1503 senectutem
789 1429 873 1506 quod
895 1438 929 1486 nt
949 1429 996 1488 ita

89 1526 253 1598 accideret,
279 1525 391 1585 melius
417 1531 450 1584 et
474 1525 659 1602 prudentius
685 1531 852 1584 viveretur.
902 1526 994 1585 Mens

88 1623 170 1681 enim
196 1629 230 1681 et
255 1622 336 1681 ratic
360 1628 392 1681 et
413 1621 578 1682 censilium
600 1622 633 1680 in
656 1623 781 1682 senibus
803 1628 868 1696 est3
891 1630 995 1698 quisi
1020 1652 1047 1684 10

88 1719 167 1778 nulli
199 1718 346 1792 fuissent,
375 1717 481 1777 nullae
514 1727 641 1778 omnine
674 1718 819 1778 civitetes
849 1717 992 1778 fuissent.

88 1815 147 1875 Sed
162 1815 258 1874 redee
273 1815 312 1874 ad
327 1821 459 1874 mortem
471 1815 712 1891 impendentem.
748 1815 837 1885 Quod
849 1821 898 1874 est
908 1813 994 1874 istud

87 1923 205 1972 crimen
228 1912 409 1986 senectutis,
432 1930 502 1972 cum
526 1913 560 1972 id
584 1921 614 1970 ei
637 1911 771 1971 videatis
797 1930 866 1970 cum
892 1911 995 1971 adule-

88 2010 208 2068 scentia
229 2026 297 2068 esse
321 2009 510 2067 commune?
559 2008 607 2067 68.
631 2008 722 2068 Sensi
743 2026 799 2084 ego
820 2008 854 2067 in
875 2009 994 2086 optime

87 2104 473 2182 lilie‚ts1inexspectatts
496 2105 536 2164 ad
557 2104 784 2182 amplissimam
806 2106 993 2181 dignitatem
1019 2132 1046 2178 15

87 2203 250 2276 fratribus,
280 2201 393 2279 Scipio,
422 2208 553 2260 mortem
582 2211 668 2260 omni
696 2207 793 2260 aetati
821 2221 888 2262 esse
917 2220 995 2261 com·

87 2309 222 2358 munem.
266 2298 311 2356 At
339 2303 445 2374 sperat
475 2298 657 2358 adulescens
688 2298 741 2356 diu
770 2307 801 2356 se
827 2305 992 2368 victurum,

87 2396 170 2472 qnod
192 2403 319 2472 sperare
341 2395 424 2452 idem
446 2413 541 2455 senex
562 2405 624 2454 nen
646 2399 759 2472 potest.
803 2382 994 2471 insipienter

88 2497 201 2569 sperat.
246 2490 328 2560 Quid
342 2491 424 2550 enim
441 2491 569 2551 stultius
587 2509 680 2568 quam
696 2490 815 2549 incerta
829 2501 886 2568 pre
900 2497 993 2552 certis

87 2588 211 2662 habere,
227 2586 311 2646 falsa
324 2597 381 2664 pre
396 2590 504 2647 veris?
547 2588 592 2646 At
614 2606 708 2648 senex
730 2597 770 2646 ne
791 2588 874 2664 quod
889 2593 994 2665 speret
1017 2615 1046 2647 ω

88 2685 215 2761 quidem
230 2683 333 2742 habet.
376 2683 421 2742 At
438 2689 487 2744 est
506 2693 542 2743 ee
562 2683 689 2743 meliere
704 2683 884 2744 condicione
899 2703 993 2762 quam

125 2864 135 2897 1
151 2867 267 2919 timeam,
280 2865 310 2910 A.
323 2863 352 2910 ἃ.
365 2863 395 2910 G.
406 2865 460 2922 2683
477 2864 508 2911 G.
520 2864 541 2909 dn
553 2864 580 2910 L.
592 2865 648 2920 259;
666 2864 697 2909 H.
710 2864 761 2918 486,
774 2863 805 2910 Il.

125 2931 136 2964 ²
151 2933 272 2991 quamuis
287 2933 329 2988 sit,
341 2932 372 2978 A.
389 2932 410 2978 dc
426 2932 457 2980 G.
473 2932 524 2987 313,
542 2945 567 2987 u,
581 2945 610 2989 y;
625 2932 656 2978 G.
673 2931 694 2976 dc
711 2931 739 2976 L.
755 2934 812 2989 606;
830 2932 862 2978 Η.
878 2934 929 2989 515,
946 2933 991 2979 111.

88 3000 138 3101 an}
150 3001 246 3123 ἓυΞΛ
258 3067 280 3112 dr
291 3068 321 3114 G.
333 3070 386 3126 235;
403 3069 433 3115 G.
446 3068 467 3113 dr
479 3069 507 3112 L.
520 3068 573 3124 353;
591 3068 622 3112 H.
635 3068 686 3122 384,
698 3069 720 3121 4,
732 3081 757 3112 n.
769 3069 791 3113 3.
