2360 3514
197 287 239 352 52
443 302 480 352 u.
511 290 633 353 rurrr'
651 289 858 352 crcruaivrs

495 550 700 612 GHAPTER
729 551 800 610 XX.

198 712 241 778 (7)
260 711 311 762 Old
329 725 378 774 ccc
396 713 421 761 is
442 713 493 762 less
512 715 628 762 anxious
647 713 713 762 then
733 713 824 774 youth,
845 712 955 762 because
977 713 1011 762 its
1032 714 1098 762 lima

237 796 261 844 is
278 800 325 844 act
336 795 410 855 flacci
427 809 458 844 as
475 797 499 844 ie
517 796 575 845 that
590 796 623 856 os
636 795 822 858 adolescence‚·
843 793 885 858 (8)
901 796 922 844 ir
937 796 962 843 is
979 795 1060 845 better
1074 801 1097 844 to

236 879 279 927 die
292 878 324 938 by
336 878 379 927 the
391 878 508 940 aradaei
523 878 578 928 aad
594 878 687 938 tandiu
698 891 807 938 process
824 877 856 938 os
870 882 966 926 nutrire
985 878 1052 928 than
1069 879 1098 938 by

237 960 279 1009 the
291 961 390 1010 violent
401 961 554 1022 disruptior
565 960 651 1010 witich
663 960 705 1010 the
716 960 861 1010 resistaace
874 960 906 1021 os
919 973 936 1009 a
948 960 1028 1022 sreslr
1039 974 1097 1010 con-

236 1043 361 1092 ctitutr'on
373 1056 474 1093 causes.

235 1189 253 1246 i
255 1186 283 1245 2.
313 1186 491 1247 Senectsrtis
506 1192 610 1246 autem
627 1185 735 1246 nullus
751 1192 800 1246 est
816 1190 920 1246 certus
935 1187 1096 1260 terminus,

195 1288 340 1360 reeteque
355 1284 389 1342 in
403 1293 440 1343 ea
453 1283 581 1359 vivitur,
591 1283 694 1360 quoad
707 1293 820 1342 munus
835 1281 917 1342 offici
927 1293 1058 1361 exsequi
1069 1289 1097 1342 et

195 1385 278 1440 tueri
300 1386 401 1458 possit
421 1379 631 1458 [mortemque
653 1381 889 1460 contemnere];
912 1398 951 1438 ex
974 1390 1036 1457 qua
1054 1380 1096 1452 fit,

196 1483 231 1536 ut
247 1477 417 1537 animosior
436 1475 532 1536 etiarn
550 1481 693 1536 senecias
713 1475 755 1536 sit
772 1494 866 1553 quam
885 1475 1097 1536 adulescentia

157 1600 170 1645 5
195 1579 227 1632 et
241 1574 364 1634 fortior.
407 1573 478 1632 Hac
492 1572 573 1632 illud
587 1577 636 1632 est
650 1573 734 1650 qnod
748 1571 917 1632 Pisistrati)
931 1577 1067 1650 tyranne
1080 1581 1097 1630 a

196 1670 308 1730 Solane
327 1679 510 1748 responsum
528 1674 586 1744 est,
607 1687 677 1728 cum
695 1669 745 1727 illi
762 1673 936 1746 quaerenti,
955 1678 1019 1746 qua
1035 1675 1096 1728 tan·
1164 1713 1165 1737 1

195 1768 265 1826 dem
280 1777 313 1826 ra
327 1767 429 1827 fretus
444 1765 506 1826 sibi
524 1771 590 1826 tarn
606 1765 767 1824 audaciter
783 1764 959 1840 obsisteret,
976 1783 1096 1842 respon-

195 1864 279 1923 disse
301 1863 433 1923 dicitur:
464 1862 668 1922 ‘Senectsrta'
717 1861 779 1920 Sed
799 1861 929 1920 vivendi
950 1867 1000 1921 est
1021 1861 1095 1920 finis

194 1959 341 2036 optimus,
356 1978 427 2018 cum
441 1959 564 2034 integra
577 1963 682 2017 mente
693 1963 850 2034 certisque
865 1957 1009 2018 sensibus
1022 1976 1095 2035 opus

118 2077 172 2118 '10
194 2056 265 2134 ipsa
287 2075 378 2116 suum
402 2056 511 2115 eadem
534 2073 614 2132 quae
637 2054 878 2130 coagmentavit,
901 2040 1016 2114 natura
1040 2055 1097 2113 dis-

195 2152 297 2213 solvit.
354 2154 402 2213 Ut
428 2161 549 2226 navem,
578 2157 614 2210 ut
642 2150 820 2210 aedificium
847 2149 931 2210 idem
963 2150 1096 2210 destruit

194 2233 354 2322 facillime,
365 2257 419 2325 qui
433 2247 618 2322 construxit,
629 2257 673 2308 sic
682 2247 842 2306 hominem
857 2247 966 2306 eadem
980 2247 1095 2324 optime

195 2365 273 2424 quae
285 2344 514 2420 conglutinavit
524 2349 638 2404 natura
652 2343 805 2404 dissolvit.
837 2344 906 2402 Iam
918 2344 1020 2404 omnis
1031 2363 1096 2402 con-

195 2442 364 2518 glutinatic
381 2451 487 2502 recens
506 2451 605 2516 aegra,
621 2440 797 2500 inveterata
812 2439 907 2499 facile
924 2439 1093 2499 divellitur.

197 2601 339 2665 Therescre
362 2603 449 2662 death,
475 2602 576 2664 thonale
600 2608 647 2651 aot
669 2607 696 2652 tc
720 2601 750 2651 bc
773 2601 877 2663 coacti,
900 2603 925 2650 le
947 2607 995 2651 act
1018 2607 1044 2651 to
1068 2600 1096 2650 be

235 2687 382 2748 mcvrrned;
400 2685 449 2747 scr
466 2691 492 2734 to
510 2698 608 2734 morra
626 2685 668 2734 the
686 2684 828 2734 inevitable
845 2683 871 2732 is
889 2689 916 2732 to
937 2683 1096 2745 destroyed

233 2781 315 2830 peace
333 2769 365 2830 os
377 2768 460 2816 mind.
497 2767 537 2816 As
555 2767 651 2828 asact,
669 2780 730 2816 mea
748 2773 795 2816 act
812 2767 875 2826 only
891 2767 1032 2828 disreccrd
1049 2779 1097 2813 un-

235 2851 346 2910 certain,
373 2851 420 2900 bat
442 2850 587 2911 chccrsully
611 2833 735 2910 confecia
755 2851 857 2898 certain
880 2849 968 2898 death.
1009 2849 1095 2907 Esar

235 2947 285 2996 ecc
302 2933 352 2983 aas
368 2935 404 2982 its
422 2934 547 2994 passales
564 2931 620 2982 aad
637 2932 725 2980 lima:
748 2931 790 2981 tlte
809 2931 879 2980 lima
897 2931 929 2993 os
945 2929 991 2980 old
1008 2944 1056 2993 aue
1074 2931 1097 2978 is

235 3017 321 3076 death,
336 3016 391 3066 aad
408 3017 432 3064 is
449 3021 496 3065 aot
512 3013 641 3078 reeretted
658 3027 730 3064 more
747 3013 814 3064 than
831 3013 874 3064 tlte
892 3014 962 3063 lima
978 3014 1011 3076 os
1024 3012 1098 3062 other

235 3113 305 3162 aues.
