2360 3514
178 304 220 371 56
424 323 464 372 u.
491 311 613 373 rurrr·
630 311 838 373 cronacum

178 499 214 549 ac
235 489 410 566 disputatis)
432 491 567 568 impulit,
582 491 954 565 utffldemmsed
974 489 1080 550 nabili-

177 591 226 645 tas
246 587 342 645 etiam
365 597 556 647 summarum
575 587 833 665 philosopherum
856 592 888 646 et
904 586 1078 646 aucteritas.

178 684 225 742 78.
254 683 430 743 Audiebam
441 685 654 762 Pythagoram
666 684 951 762 Pythagoreasque,
964 682 1079 742 incolas

178 797 275 855 paene
288 785 420 854 nostras,
434 790 489 857 qui
500 786 605 840 essent
616 769 723 839 Italici
733 780 914 857 philosophi
925 780 1079 857 quondam

139 891 152 936 5
177 875 339 950 naminati,
368 896 548 954 numquam,
572 877 741 951 dubitasse,
768 886 845 953 quin
870 895 909 934 ex
936 875 1081 934 universa

177 977 281 1030 mente
296 973 404 1032 divina
415 973 567 1033 delibatas
580 973 699 1032 animas
710 971 917 1032 haberemus.l
951 973 1081 1039 Demen-

178 1069 359 1128 strabantur
382 1070 461 1128 mihi
482 1075 654 1146 praetcrea,
676 1088 755 1146 quae
776 1070 917 1128 Socrates
939 1077 1081 1146 supreme

176 1170 260 1224 vitae
278 1165 329 1224 die
351 1167 389 1225 de
410 1166 648 1226 immortalitate
668 1166 843 1224 animarum
863 1162 1081 1238 disseruisset,²

177 1261 204 1322 is
216 1271 271 1338 qui
281 1268 364 1322 esset
375 1263 514 1322 omnium
523 1263 775 1340 sapientissimus
788 1262 912 1322 oracula
922 1261 1079 1338 Apollinis

127 1377 153 1408 10
176 1357 340 1419 iadicatus.
397 1359 480 1429 Quid
507 1360 631 1418 multa?
675 1359 726 1419 Sic
754 1367 896 1436 persuasi
923 1358 1013 1433 mihi,
1039 1367 1080 1418 sic

177 1455 288 1530 sentia,
317 1474 388 1514 cum
415 1461 506 1514 tanta
533 1455 676 1515 celeritas
705 1456 881 1514 animarum
912 1455 964 1528 sit,
993 1460 1081 1514 tanta

176 1550 326 1610 memoria
339 1551 579 1628 praeteritarum
594 1553 834 1628 futurarumque
845 1551 1024 1628 prudentia,
1036 1556 1081 1610 tot

176 1655 268 1722 artes,
290 1654 396 1708 tantae
417 1648 575 1722 scientiae,
594 1653 642 1706 tot
662 1648 799 1722 inventa,
815 1657 878 1707 nan
901 1666 993 1724 posse
1015 1666 1080 1706 eam

176 1751 328 1820 naturam,
358 1764 437 1822 quae
465 1754 514 1804 ras
540 1754 591 1804 eas
617 1745 784 1818 contineat,
811 1763 878 1804 esse
907 1744 1078 1817 mortalem,

126 1860 152 1904 15
176 1860 308 1918 cumque
336 1860 458 1918 semper
485 1841 622 1916 agitetur
655 1841 777 1900 animus
805 1859 863 1900 nec
892 1841 1080 1918 principium

176 1943 279 1996 matus
294 1938 416 2012 habeat,
432 1938 507 2015 quia
518 1949 551 1998 se
566 1938 634 2014 ipse
646 1944 778 2011 moveat,
791 1948 831 1996 ne
842 1938 942 1996 finem
954 1938 1080 2014 quidem

176 2033 357 2092 habiturum
380 2053 447 2094 esse
470 2040 582 2108 matus,
607 2034 681 2110 quia
703 2053 874 2110 numquam
894 2044 927 2093 se
950 2033 1019 2111 ipse
1041 2033 1081 2093 sit

176 2129 357 2203 relicturus3
374 2137 414 2204 et,
426 2149 497 2188 cum
507 2131 642 2206 simplex
651 2130 748 2188 animi
758 2136 840 2190 esset
848 2135 970 2204 natura,
981 2147 1080 2207 neque

176 2227 305 2286 haberet
319 2226 353 2283 in
367 2236 400 2286 se
415 2227 582 2303 quicquam
600 2227 775 2285 admixtum
791 2227 897 2303 dispar
917 2236 967 2285 sui
988 2233 1079 2303 atque

124 2345 153 2376 20
177 2322 340 2396 dissimile,
356 2332 420 2381 nan
431 2341 522 2399 posse
534 2341 605 2382 eum
617 2323 734 2398 divid13
757 2323 841 2400 quod
852 2331 880 2382 si
890 2333 954 2382 nan
965 2327 1078 2399 posset,

176 2429 240 2480 nan
273 2437 364 2496 posse
398 2419 548 2494 interirc3
585 2429 760 2496 magnaque
795 2437 863 2478 esse
898 2423 1080 2495 argumenta

176 2516 318 2576 homines
343 2525 422 2575 scire
444 2516 595 2592 pleraque
618 2522 691 2574 ante
716 2533 809 2592 quam
823 2521 891 2574 nati
912 2515 986 2588 sint,
999 2513 1080 2591 quod

176 2614 239 2671 iarn
263 2622 361 2690 pueri,
379 2631 449 2671 cum
471 2618 549 2672 artis
567 2611 703 2672 difficilis
724 2613 854 2686 discant,
874 2611 920 2670 ita
938 2611 1079 2670 celeriter

177 2720 226 2770 res
240 2709 479 2769 innumerabilis
494 2708 658 2785 arripiant,
673 2714 709 2767 ut
724 2718 776 2768 eas
790 2713 932 2767 nantum
944 2717 1079 2784 primum

125 2828 152 2873 25
177 2805 316 2882 accipere
326 2806 502 2881 videantur,
513 2806 569 2865 scd
579 2805 740 2865 reminisci
749 2811 780 2864 et
791 2805 955 2863 recordari.
992 2805 1079 2862 Haec

176 2902 319 2962 Platonis
333 2903 408 2962 fera.

264 3050 274 3083 1
288 3051 447 3106 haberemus,
459 3050 490 3096 A.
503 3050 524 3096 c
535 3049 565 3096 G.
577 3051 629 3106 287,
643 3051 672 3106 d;
689 3050 722 3095 Η,
733 3050 785 3103 495,
797 3049 828 3094 V.

263 3119 274 3151 ‘²
289 3121 458 3174 disseruisset,
470 3119 500 3164 A.
513 3118 534 3163 dr
546 3118 576 3164 G.
588 3119 640 3174 341,
652 3132 677 3173 c;
694 3118 724 3164 G.
738 3118 797 3162 &L
808 3117 865 3172 6283
881 3116 914 3161 H.
925 3117 978 3171 528,
989 3118 1011 3161 1.
