2360 3514
197 262 239 326 60
443 276 484 327 ur.
510 264 633 327 rucei
650 264 857 328 crcurcurs

196 443 352 521 Equidem
368 443 479 504 efferor
491 445 596 506 studic
611 451 717 523 patres
731 451 861 520 vestroe,
876 453 954 523 ques
969 444 1051 506 colui
1064 451 1093 505 et
1162 507 1163 510 ,

197 541 295 600 dilexi
310 541 448 616 videndi,
463 559 564 619 neque
578 551 652 602 vere
667 551 719 602 ecs
737 521 819 698 SOYS
837 551 1004 602 convenire
1023 551 1093 602 avec

197 647 274 715 ques
285 637 353 715 ipse
365 647 505 714 ecgn6v1‚
516 639 571 698 sed
582 639 654 699 illes
666 639 761 698 etiam
796 639 935 716 equibus
947 639 1055 698 audivi
1065 643 1093 698 ct
1163 699 1164 712 ¹

197 735 260 809 legi
273 741 305 793 et
319 734 387 811 ipse
404 743 591 812 conscripum
614 745 676 812 quc
695 735 822 812 quidem
839 745 889 794 me
906 735 1094 812 proficiscen-

159 847 173 892 5
196 837 260 889 tem
275 831 360 890 haud
374 840 449 890 saue
463 831 540 908 quid
555 831 649 891 facile
664 830 851 907 retraxerit‚¹
868 850 925 892 uec
938 837 1094 909 tamquam

197 927 318 986 Peliam
339 928 500 986 reccxerit.
542 929 585 987 Et
604 928 721 1005 siquis
741 929 817 988 deus
832 928 912 986 mihi
928 925 1096 1003 largiatur,2

196 1031 233 1082 ut
253 1043 292 1082 ex
312 1024 371 1084 hac
392 1030 494 1083 aetate
515 1034 730 1101 repuerascam
752 1024 838 1083 etin
859 1033 949 1084 cunis
966 1024 1094 1102 regiam,
1164 1013 1165 1046 ³

197 1121 290 1180 valde
305 1131 453 1195 recusem,
468 1140 525 1180 nec
540 1131 612 1180 vere
633 1121 728 1180 velim
745 1120 836 1198 quasi
853 1121 983 1180 decurre
998 1121 1096 1198 spatis>

198 1219 238 1276 ad
252 1229 389 1278 carceres
403 1228 422 1277 a
436 1217 520 1277 calce
538 1227 685 1276 revocari.
728 1219 775 1276 84.
805 1217 888 1288 Quid
907 1217 1004 1276 habct
1018 1217 1095 1277 enim
1165 1281 1166 1288 χ

147 1333 175 1364 10
198 1321 265 1374 vita
288 1315 468 1374 commodi?
518 1314 600 1383 Quid
624 1324 687 1373 nen
712 1314 816 1390 potius
844 1313 987 1374 laberis?
1041 1313 1096 1374 Sed

197 1411 330 1470 habeat³
348 1420 431 1484 sane,
446 1411 541 1469 habet
558 1416 642 1468 certe
659 1416 764 1470 tamen
781 1415 836 1470 aut
851 1410 1030 1470 satietatem
1047 1415 1097 1470 aut
1166 1478 1167 1494 2

198 1509 332 1567 modum.
385 1507 458 1566 Νόιι
483 1506 570 1565 lubet
594 1507 678 1565 euim
700 1507 779 1565 mihi
804 1507 967 1584 deplorare
992 1513 1096 1579 vitam,
1166 1499 1167 1512 ¹

198 1606 282 1682 qucd
302 1604 404 1676 multi,
426 1609 508 1662 etei
529 1603 620 1677 docti,
643 1621 735 1680 saepe
756 1604 909 1678 fecerunt,
929 1621 1031 1680 neque
1052 1611 1097 1661 me

198 1702 315 1762 vixisse
340 1700 490 1778 paenitet,
510 1699 657 1776 quoniam
680 1699 727 1759 ita
746 1709 821 1774 vixi,
841 1706 877 1759 ut
897 1709 960 1760 ucn
982 1701 1099 1761 frustra

148 1818 174 1864 15
198 1808 247 1857 me
268 1804 377 1857 natum
398 1797 583 1870 existimem,
606 1803 697 1856 etex
719 1802 786 1856 vita
809 1797 856 1856 ita
878 1797 1005 1858 discedo
1027 1804 1099 1857 tam·
1167 1785 1168 1816 ³

198 1913 292 1972 quam
317 1913 356 1953 ex
380 1893 526 1970 hospitio,
549 1902 612 1952 nen
636 1898 798 1970 tamquam
824 1903 841 1952 e
865 1894 965 1953 domc.
1016 1894 1100 1955 Com-

198 1991 340 2050 morandi
359 1990 442 2048 enim
459 1996 572 2050 natura
592 1989 804 2050 devorsorium
825 1989 924 2064 nubis,
945 1999 1009 2049 ιιόιι
1030 1989 1107 2074 hair¹

199 2087 300 2146 itandi
325 2087 419 2145 dedit.
473 2075 498 2146 ὂ
527 2085 721 2163 praeclarum
746 2086 839 2160 diem,
864 2104 934 2144 cum
962 2085 997 2144 in
1022 2084 1102 2144 iilud

199 2184 341 2243 divinum
366 2181 541 2241 animcrum
565 2181 732 2242 concilium
756 2187 940 2259 coctumque
965 2181 1103 2258 proficis·

147 2305 176 2336 ω
199 2299 251 2339 car
265 2296 397 2355 cumque
419 2297 458 2337 ex
478 2278 536 2338 hac
558 2278 651 2338 turba
669 2284 701 2338 ct
718 2278 903 2338 conluvicne
925 2278 1101 2338 discedami

199 2375 383 2437 Proficiscar
400 2375 483 2434 enim
500 2383 564 2434 neu
578 2375 618 2434 ad
633 2384 684 2435 ecs
704 2374 805 2435 selum
820 2375 913 2448 virtu,
929 2374 969 2434 de
988 2375 1103 2452 quibus

200 2479 272 2534 ante
284 2473 360 2546 dixi,
370 2482 477 2532 verum
489 2471 585 2531 etiam
597 2471 637 2530 ad
652 2472 800 2532 Oatcnem
812 2490 924 2546 meum,
937 2481 1000 2548 quc
1011 2479 1104 2530 nemo

199 2571 248 2628 vir
275 2569 385 2628 melior
410 2574 502 2628 natus
530 2573 587 2642 est,
612 2577 703 2627 neme
731 2567 849 2645 pietate
877 2568 1103 2645 praestantior;

199 2666 287 2726 cuius
302 2675 321 2726 a
334 2675 384 2724 me
398 2683 509 2742 corpus
524 2670 573 2724 est
586 2669 766 2738 crematum,
782 2664 865 2741 quod
879 2669 989 2722 contra
999 2663 1105 2723 decuit

149 2783 176 2830 25
200 2763 239 2822 ab
260 2762 316 2822 illc
336 2779 449 2835 meum,
472 2760 594 2820 animus
616 2769 699 2834 vere,
722 2769 785 2819 ιιόιι
806 2769 855 2818 me
880 2759 1028 2820 descrens
1050 2757 1106 2820 sed

287 2939 297 2974 1
311 2940 457 2994 retraxerit,
468 2938 499 2984 A.
512 2937 533 2983 ir
545 2937 574 2984 G.
586 2937 642 2993 311;
659 2935 689 2984 G.
703 2936 724 2982 δι
735 2937 762 2982 L.
772 2937 823 2989 257.
834 2937 857 2992 2,
869 2949 895 2982 ιι.
907 2937 929 2992 1,
941 2937 1031 2994 adfin.

286 3006 298 3041 ²
312 3008 336 3054 ci
347 3007 484 3064 lcryiatua
496 3005 526 3051 G.
540 3004 560 3050 δι
571 3004 599 3050 L.
610 3005 663 3061 596,
673 3003 745 3050 Rem.
757 3005 782 3060 13
797 3004 829 3049 H.
840 3005 893 3060 509,
904 3016 930 3049 ιι.
941 3004 964 3050 2.

286 3074 298 3110 ⁸
312 3074 414 3130 habeat,
427 3074 456 3119 A.
468 3073 489 3118 δι
500 3073 531 3119 G.
542 3073 593 3127 266,
606 3085 630 3129 ο;
648 3071 677 3119 G.
688 3072 709 3116 ἃ
721 3072 813 3129 Lacu
830 3072 863 3116 Η.
873 3072 926 3126 484,
937 3072 960 3118 3.
