2360 3516
410 298 507 360 caro
531 299 667 360 Miror.
820 271 826 290 '
970 293 988 357 i

87 485 187 540 vetere
202 479 381 559 proverbii),
396 499 467 538 oum
486 479 614 555 paribus
634 479 786 538 facillima
806 495 990 552 congregari·
1047 507 1060 536 a

85 583 182 635 tur-
191 576 289 654 quae¹
304 577 338 636 Ο.
352 576 517 649 Salinator,
530 594 609 652 quae
626 576 676 651 Sp.
690 575 835 648 Albinus,
847 574 989 633 homines

85 674 265 733 consulares
282 678 385 731 nostri
402 672 469 730 fera
486 671 642 748 aequales,
659 672 821 748 deplorare
839 671 988 744 solebant,

84 775 148 828 tum
164 771 253 847 quod
267 769 483 846 voluptatibus
503 766 745 852 carerentisine
762 768 877 844 quibus
891 773 990 826 vitam

85 867 219 926 millam3
234 863 406 943 putarent,²
419 871 487 924 tum
501 865 585 942 quod
594 863 836 941 spernerentur⁹
848 865 888 923 ab
902 874 956 937 eis,
972 874 991 922 a
1014 885 1028 931 5

85 963 196 1039 quibus
224 967 332 1022 essent
356 961 416 1019 ooli
441 962 534 1021 soliti.
584 962 644 1032 Qui
664 961 743 1019 mihi
767 971 831 1021 non
851 961 884 1020 id
908 961 991 1020 vida-

85 1059 196 1118 bantur
216 1067 372 1132 aecusare,
389 1059 472 1135 quod
489 1064 573 1118 esset
594 1057 824 1117 accusandum!
863 1059 948 1118 Nam
963 1067 991 1118 si

85 1259 152 1312 rent
173 1252 372 1328 reliquisque
393 1251 536 1311 omnibus
558 1251 727 1310 maioribus
748 1257 834 1325 natir,
857 1261 989 1332 quorum

85 1366 139 1422 ego
163 1348 340 1407 multorum
365 1357 495 1423 cagnovi
520 1353 712 1416 senectutem
740 1348 807 1406 sine
830 1347 990 1424 querella,⁵
1015 1369 1043 1402 10

86 1453 138 1520 qui
149 1455 183 1505 sa
195 1450 229 1503 et
240 1443 409 1502 libidinum
421 1444 555 1504 vinculis
567 1444 688 1504 laxatas
701 1463 767 1504 esse
782 1453 846 1503 non
859 1444 989 1502 moleste

85 1541 205 1600 ferrent
229 1538 307 1598 neo⁶
329 1549 349 1599 a
371 1550 435 1601 suis
464 1541 706 1618 despicerentur.
764 1541 826 1600 Sed
850 1540 989 1598 omnium

86 1637 178 1698 istius
200 1637 288 1696 modi
307 1637 517 1714 querellarum
537 1637 570 1695 in
590 1637 729 1696 moribus
745 1642 793 1696 est
807 1636 908 1712 eulpa,
924 1645 988 1695 nan

86 1733 119 1791 in
142 1740 255 1794 aetate.
313 1734 470 1793 Moderati
497 1733 581 1792 enim
612 1739 644 1792 et
672 1753 728 1792 neo
760 1733 901 1792 difficiles
932 1751 989 1792 neo

85 1829 251 1890 inhumani
268 1840 358 1890 senes
374 1830 570 1889 tolerabilem
590 1836 782 1888 senectutem
800 1835 911 1904 agunt3
935 1830 990 1888 im-
1014 1853 1041 1899 15

86 1927 264 2002 portunitas
276 1931 381 1985 autem
390 1931 422 1985 et
431 1925 646 1985 inhumanitas
655 1935 740 1984 omni
750 1931 847 1985 aetati
857 1926 990 1986 molesta

87 2029 140 2082 est.

124 2123 149 2181 8.
181 2123 338 2180 Larinum
381 2121 449 2194 Est,
472 2125 509 2178 ut
534 2120 621 2194 diois,
644 2121 738 2195 Cat63
770 2121 825 2180 sed
852 2121 988 2180 fortasse

87 2217 201 2278 dixerit
222 2217 381 2294 quispiam
399 2217 459 2275 tibi
478 2222 605 2294 propter
624 2226 698 2293 opes
713 2222 744 2275 et
759 2217 864 2293 oopias
880 2223 911 2276 et
925 2218 989 2293 dig-

86 2314 219 2374 nitatem
240 2320 328 2372 tuam
347 2313 590 2372 tolerabiliorem
613 2318 806 2372 senectutem
825 2313 935 2387 videri,
954 2313 989 2385 id
1013 2333 1042 2364 20

87 2417 188 2470 autern
203 2419 268 2469 non
282 2428 372 2486 posse
387 2409 496 2468 multis
511 2409 698 2484 contingere.

124 2508 224 2568 (lara.
281 2507 339 2565 Est
369 2505 451 2565 istria
483 2506 617 2583 quidem,
649 2506 747 2578 Laeli,
776 2506 905 2582 aliquid,
934 2507 989 2566 sed

86 2613 283 2682 nequaquam
304 2602 338 2660 in
358 2602 420 2662 ista
441 2607 515 2661 sunt
535 2602 647 2660 omnia.
692 2604 738 2662 Ut
762 2602 988 2662 Themistocles

123 2771 224 2832 lquae,
237 2773 266 2817 A.
280 2772 301 2817 ir
313 2771 343 2819 G.
356 2773 407 2828 199,
420 2772 447 2829 b;
465 2771 487 2818 G
508 2772 528 2817 iz
540 2772 568 2816 L.
579 2773 631 2826 614,
643 2773 665 2827 3,
678 2785 706 2828 a;
723 2772 756 2816 H.
767 2774 819 2825 445,
830 2774 853 2818 5.

123 2839 281 2898 2ριιεανεηε,
293 2841 324 2885 A.
336 2841 357 2885 Aa
369 2840 399 2886 G.
411 2841 467 2896 3423
485 2839 515 2886 G.
528 2839 549 2884 a
561 2840 588 2884 L.
600 2839 656 2896 6633
673 2839 706 2884 H.
717 2841 769 2895 529,
781 2840 813 2884 II.
825 2853 850 2884 n.
862 2842 884 2884 1.

123 2906 134 2939 ⁸
149 2907 260 2961 nullum,
272 2908 302 2952 A.
315 2907 336 2952 a
349 2907 378 2953 G.
390 2908 446 2964 239;
464 2908 497 2952 H.
509 2908 560 2962 373,
573 2909 594 2962 1,
606 2921 631 2952 n.
644 2909 666 2952 2.

123 2973 134 3005 ⁴
148 2978 213 3020 esaei
224 2975 409 3030 aeciisandum,
421 2975 451 3020 A.
465 2975 485 3020 ir
497 2974 527 3020 G.
539 2976 595 3028 320;
613 2974 642 3020 G.
655 2974 676 3019 δι
687 2974 716 3018 L.
726 2975 779 3030 631,
791 2975 816 3031 1;
833 2975 866 3019 H.
877 2977 929 3031 503,
940 2977 960 3021 1.

124 3039 135 3072 ⁵
148 3042 204 3087 aine
215 3041 335 3099 querella,
347 3043 377 3088 A.
391 3042 412 3088 δι
423 3043 453 3088 G.
466 3045 521 3099 179,
539 3043 571 3087 H.
583 3043 635 3097 359,
647 3055 672 3087 n.
685 3041 753 3100 1,4),
765 3042 816 3088 and
827 3055 853 3088 n.
865 3043 887 3087 3.

125 3107 174 3152 θοι
187 3141 192 3152 .
206 3142 211 3152 .
226 3121 297 3165 daec,
310 3109 339 3155 G.
353 3109 373 3154 ἀ
385 3110 413 3155 L.
424 3111 476 3163 480,
486 3110 557 3156 Rem.
569 3111 591 3166 3,
604 3122 629 3154 n.
641 3111 663 3164 3,
676 3123 696 3155 c.
