<?xml version="1.0" encoding="UTF-8"?>
<!DOCTYPE html PUBLIC "-//W3C//DTD XHTML 1.0 Transitional//EN"
    "http://www.w3.org/TR/xhtml1/DTD/xhtml1-transitional.dtd">
<html xmlns="http://www.w3.org/1999/xhtml" xml:lang="en" lang="en">
 <head>
  <title>
</title>
<meta http-equiv="Content-Type" content="text/html;charset=utf-8" />
  <meta name='ocr-system' content='tesseract 3.04.00' />
  <meta name='ocr-capabilities' content='ocr_page ocr_carea ocr_par ocr_line ocrx_word'/>
</head>
<body>
  <div class='ocr_page' id='page_1' title='image "./mtulliciceronis00shucgoog_0086.png"; bbox 0 0 2360 3514; ppageno 0'>
   <div class='ocr_carea' id='block_1_1' title="bbox 425 221 1004 304">
    <p class='ocr_par' dir='ltr' id='par_1_1' title="bbox 425 221 1004 304">
     <span class='ocr_line' id='line_1_1' title="bbox 425 221 1004 304; baseline -0.007 0"><span class='ocrx_word' id='word_1_1' title='bbox 425 241 524 304; x_wconf 68' lang='lat' dir='ltr'><strong>aare</strong></span> <span class='ocrx_word' id='word_1_2' title='bbox 547 241 684 304; x_wconf 73' lang='lat' dir='ltr'><strong>siros.</strong></span> <span class='ocrx_word' id='word_1_3' title='bbox 962 221 1004 300; x_wconf 85' lang='lat'><strong>39</strong></span> 
     </span>
    </p>
   </div>
   <div class='ocr_carea' id='block_1_2' title="bbox 56 421 1099 2820">
    <p class='ocr_par' dir='ltr' id='par_1_2' title="bbox 56 421 1099 2820">
     <span class='ocr_line' id='line_1_2' title="bbox 91 421 1004 499; baseline -0.007 -14"><span class='ocrx_word' id='word_1_4' title='bbox 91 423 253 484; x_wconf 86' lang='lat' dir='ltr'><strong>adulescit</strong></span> <span class='ocrx_word' id='word_1_5' title='bbox 275 421 439 499; x_wconf 86' lang='lat' dir='ltr'><strong>eulmeque</strong></span> <span class='ocrx_word' id='word_1_6' title='bbox 464 427 568 482; x_wconf 90' lang='lat' dir='ltr'><strong>erecta</strong></span> <span class='ocrx_word' id='word_1_7' title='bbox 596 422 772 497; x_wconf 73' lang='lat' dir='ltr'><strong>geniculati&gt;</strong></span> <span class='ocrx_word' id='word_1_8' title='bbox 793 431 916 497; x_wconf 74' lang='lat' dir='ltr'><strong>reginis</strong></span> <span class='ocrx_word' id='word_1_9' title='bbox 940 421 1004 480; x_wconf 89' lang='lat' dir='ltr'><strong>iam</strong></span> 
     </span>
     <span class='ocr_line' id='line_1_3' title="bbox 92 519 1005 598; baseline -0.004 -18"><span class='ocrx_word' id='word_1_10' title='bbox 92 521 185 598; x_wconf 82' lang='lat' dir='ltr'>quasi</span> <span class='ocrx_word' id='word_1_11' title='bbox 207 520 385 598; x_wconf 84' lang='lat' dir='ltr'><strong>pubescens</strong></span> <span class='ocrx_word' id='word_1_12' title='bbox 405 519 589 594; x_wconf 85' lang='lat' dir='ltr'><strong>includitur;</strong></span> <span class='ocrx_word' id='word_1_13' title='bbox 616 537 654 577; x_wconf 87' lang='lat' dir='ltr'><strong>ex</strong></span> <span class='ocrx_word' id='word_1_14' title='bbox 679 519 791 596; x_wconf 90' lang='lat' dir='ltr'><strong>quibus</strong></span> <span class='ocrx_word' id='word_1_15' title='bbox 816 537 886 577; x_wconf 93' lang='lat' dir='ltr'><strong>cum</strong></span> <span class='ocrx_word' id='word_1_16' title='bbox 910 528 1005 578; x_wconf 89' lang='lat' dir='ltr'><strong>emer-</strong></span> 
     </span>
     <span class='ocr_line' id='line_1_4' title="bbox 92 615 1005 692; baseline -0.001 -16"><span class='ocrx_word' id='word_1_17' title='bbox 92 619 143 692; x_wconf 90' lang='lat' dir='ltr'><strong>sit,</strong></span> <span class='ocrx_word' id='word_1_18' title='bbox 159 617 274 676; x_wconf 81' lang='lat' dir='ltr'><strong>fundit</strong></span> <span class='ocrx_word' id='word_1_19' title='bbox 298 615 422 690; x_wconf 83' lang='lat' dir='ltr'><strong>frugem</strong></span> <span class='ocrx_word' id='word_1_20' title='bbox 447 625 526 692; x_wconf 88' lang='lat' dir='ltr'><strong>spici</strong></span> <span class='ocrx_word' id='word_1_21' title='bbox 547 616 655 675; x_wconf 84' lang='lat' dir='ltr'><strong>erdine</strong></span> <span class='ocrx_word' id='word_1_22' title='bbox 674 621 825 675; x_wconf 85' lang='lat' dir='ltr'><strong>structam</strong></span> <span class='ocrx_word' id='word_1_23' title='bbox 844 622 876 674; x_wconf 87' lang='lat' dir='ltr'><strong>et</strong></span> <span class='ocrx_word' id='word_1_24' title='bbox 896 621 1005 675; x_wconf 83' lang='lat' dir='ltr'><strong>contre</strong></span> 
     </span>
     <span class='ocr_line' id='line_1_5' title="bbox 91 712 1002 772; baseline -0.002 0"><span class='ocrx_word' id='word_1_25' title='bbox 91 715 202 772; x_wconf 80' lang='lat' dir='ltr'><strong>avium</strong></span> <span class='ocrx_word' id='word_1_26' title='bbox 228 713 386 771; x_wconf 85' lang='lat' dir='ltr'><strong>minerum</strong></span> <span class='ocrx_word' id='word_1_27' title='bbox 406 722 527 772; x_wconf 81' lang='lat' dir='ltr'><strong>morsus</strong></span> <span class='ocrx_word' id='word_1_28' title='bbox 555 718 695 771; x_wconf 81' lang='lat' dir='ltr'><strong>munitur</strong></span> <span class='ocrx_word' id='word_1_29' title='bbox 720 712 803 771; x_wconf 85' lang='lat' dir='ltr'><strong>velle</strong></span> <span class='ocrx_word' id='word_1_30' title='bbox 827 713 1002 772; x_wconf 73' lang='lat' dir='ltr'><strong>arietem.</strong></span> 
     </span>
     <span class='ocr_line' id='line_1_6' title="bbox 91 808 1041 884; baseline 0.001 -16"><span class='ocrx_word' id='word_1_31' title='bbox 91 811 141 869; x_wconf 83' lang='lat'><strong>52.</strong></span> <span class='ocrx_word' id='word_1_32' title='bbox 165 809 252 880; x_wconf 78' lang='lat' dir='ltr'><strong>Quid</strong></span> <span class='ocrx_word' id='word_1_33' title='bbox 273 827 330 884; x_wconf 87' lang='lat' dir='ltr'><strong>ego</strong></span> <span class='ocrx_word' id='word_1_34' title='bbox 344 808 457 867; x_wconf 88' lang='lat' dir='ltr'><strong>vitium</strong></span> <span class='ocrx_word' id='word_1_35' title='bbox 478 813 574 883; x_wconf 84' lang='lat' dir='ltr'><strong>ortus,</strong></span> <span class='ocrx_word' id='word_1_36' title='bbox 597 813 692 884; x_wconf 84' lang='lat' dir='ltr'><strong>satus,</strong></span> <span class='ocrx_word' id='word_1_37' title='bbox 714 809 906 868; x_wconf 89' lang='lat' dir='ltr'><strong>incrementa</strong></span> <span class='ocrx_word' id='word_1_38' title='bbox 925 829 1005 869; x_wconf 90' lang='lat' dir='ltr'><strong>com-</strong></span> <span class='ocrx_word' id='word_1_39' title='bbox 1027 829 1041 876; x_wconf 85' lang='lat'>5</span> 
     </span>
     <span class='ocr_line' id='line_1_7' title="bbox 91 905 1004 983; baseline 0.002 -19"><span class='ocrx_word' id='word_1_40' title='bbox 91 907 293 965; x_wconf 83' lang='lat' dir='ltr'><strong>memorem?</strong></span> <span class='ocrx_word' id='word_1_41' title='bbox 344 905 458 964; x_wconf 83' lang='lat' dir='ltr'><strong>Satieri</strong></span> <span class='ocrx_word' id='word_1_42' title='bbox 480 905 686 964; x_wconf 62' lang='lat' dir='ltr'>delectatione</span> <span class='ocrx_word' id='word_1_43' title='bbox 714 915 777 964; x_wconf 85' lang='lat' dir='ltr'><strong>nen</strong></span> <span class='ocrx_word' id='word_1_44' title='bbox 804 926 939 983; x_wconf 90' lang='lat' dir='ltr'><strong>possum,</strong></span> <span class='ocrx_word' id='word_1_45' title='bbox 968 912 1004 966; x_wconf 92' lang='lat' dir='ltr'><strong>ut</strong></span> 
     </span>
     <span class='ocr_line' id='line_1_8' title="bbox 92 1001 1004 1080; baseline 0.002 -19"><span class='ocrx_word' id='word_1_46' title='bbox 92 1021 182 1062; x_wconf 90' lang='lat' dir='ltr'><strong>meae</strong></span> <span class='ocrx_word' id='word_1_47' title='bbox 201 1001 373 1062; x_wconf 82' lang='lat' dir='ltr'><strong>senectutis</strong></span> <span class='ocrx_word' id='word_1_48' title='bbox 394 1001 534 1078; x_wconf 77' lang='lat' dir='ltr'><strong>requiem</strong></span> <span class='ocrx_word' id='word_1_49' title='bbox 555 1002 878 1080; x_wconf 69' lang='lat' dir='ltr'><strong>oblectamentumque</strong></span> <span class='ocrx_word' id='word_1_50' title='bbox 899 1013 1004 1063; x_wconf 71' lang='lat' dir='ltr'><strong>nesae</strong></span> 
     </span>
     <span class='ocr_line' id='line_1_9' title="bbox 92 1097 1004 1176; baseline 0 -18"><span class='ocrx_word' id='word_1_51' title='bbox 92 1097 159 1159; x_wconf 77' lang='lat' dir='ltr'><strong>tis.1</strong></span> <span class='ocrx_word' id='word_1_52' title='bbox 201 1097 324 1158; x_wconf 84' lang='lat' dir='ltr'><strong>Omitto</strong></span> <span class='ocrx_word' id='word_1_53' title='bbox 346 1098 429 1156; x_wconf 90' lang='lat' dir='ltr'><strong>enim</strong></span> <span class='ocrx_word' id='word_1_54' title='bbox 443 1098 508 1156; x_wconf 87' lang='lat' dir='ltr'><strong>vim</strong></span> <span class='ocrx_word' id='word_1_55' title='bbox 530 1098 630 1175; x_wconf 88' lang='lat' dir='ltr'><strong>ipsam</strong></span> <span class='ocrx_word' id='word_1_56' title='bbox 652 1099 799 1174; x_wconf 87' lang='lat' dir='ltr'><strong>omnium,</strong></span> <span class='ocrx_word' id='word_1_57' title='bbox 816 1118 894 1176; x_wconf 90' lang='lat' dir='ltr'><strong>quae</strong></span> <span class='ocrx_word' id='word_1_58' title='bbox 915 1119 1004 1175; x_wconf 87' lang='lat' dir='ltr'><strong>gene-</strong></span> 
     </span>
     <span class='ocr_line' id='line_1_10' title="bbox 93 1195 1003 1272; baseline 0 -18"><span class='ocrx_word' id='word_1_59' title='bbox 93 1203 206 1256; x_wconf 80' lang='lat' dir='ltr'><strong>rantur</strong></span> <span class='ocrx_word' id='word_1_60' title='bbox 228 1205 246 1254; x_wconf 89' lang='lat' dir='ltr'><strong>e</strong></span> <span class='ocrx_word' id='word_1_61' title='bbox 267 1201 366 1270; x_wconf 76' lang='lat' dir='ltr'><strong>terre5</strong></span> <span class='ocrx_word' id='word_1_62' title='bbox 390 1213 469 1272; x_wconf 88' lang='lat' dir='ltr'><strong>quae</strong></span> <span class='ocrx_word' id='word_1_63' title='bbox 490 1213 530 1253; x_wconf 81' lang='lat' dir='ltr'><strong>ex</strong></span> <span class='ocrx_word' id='word_1_64' title='bbox 550 1195 607 1254; x_wconf 79' lang='lat' dir='ltr'><strong>fici</strong></span> <span class='ocrx_word' id='word_1_65' title='bbox 627 1195 750 1255; x_wconf 85' lang='lat' dir='ltr'><strong>tantule</strong></span> <span class='ocrx_word' id='word_1_66' title='bbox 772 1205 868 1270; x_wconf 83' lang='lat' dir='ltr'><strong>grene</strong></span> <span class='ocrx_word' id='word_1_67' title='bbox 889 1202 944 1255; x_wconf 90' lang='lat' dir='ltr'><strong>aut</strong></span> <span class='ocrx_word' id='word_1_68' title='bbox 965 1215 1003 1254; x_wconf 86' lang='lat' dir='ltr'><strong>ex</strong></span> 
     </span>
     <span class='ocr_line' id='line_1_11' title="bbox 94 1292 1055 1370; baseline -0.004 -18"><span class='ocrx_word' id='word_1_69' title='bbox 94 1293 177 1352; x_wconf 87' lang='lat' dir='ltr'><strong>acini</strong></span> <span class='ocrx_word' id='word_1_70' title='bbox 192 1301 324 1351; x_wconf 81' lang='lat' dir='ltr'><strong>vinecee</strong></span> <span class='ocrx_word' id='word_1_71' title='bbox 338 1296 392 1350; x_wconf 91' lang='lat' dir='ltr'><strong>aut</strong></span> <span class='ocrx_word' id='word_1_72' title='bbox 407 1310 446 1350; x_wconf 86' lang='lat' dir='ltr'><strong>ex</strong></span> <span class='ocrx_word' id='word_1_73' title='bbox 461 1297 633 1352; x_wconf 85' lang='lat' dir='ltr'><strong>ceterarum</strong></span> <span class='ocrx_word' id='word_1_74' title='bbox 647 1293 774 1369; x_wconf 80' lang='lat' dir='ltr'><strong>frugum</strong></span> <span class='ocrx_word' id='word_1_75' title='bbox 788 1298 843 1351; x_wconf 88' lang='lat' dir='ltr'><strong>aut</strong></span> <span class='ocrx_word' id='word_1_76' title='bbox 857 1292 1003 1370; x_wconf 83' lang='lat' dir='ltr'><strong>stirpium</strong></span> <span class='ocrx_word' id='word_1_77' title='bbox 1027 1317 1055 1349; x_wconf 87' lang='lat'><strong>10</strong></span> 
     </span>
     <span class='ocr_line' id='line_1_12' title="bbox 94 1387 1076 1470; baseline 0.002 -22"><span class='ocrx_word' id='word_1_78' title='bbox 94 1387 321 1448; x_wconf 77' lang='lat' dir='ltr'><strong>minutissimis</strong></span> <span class='ocrx_word' id='word_1_79' title='bbox 350 1387 521 1448; x_wconf 90' lang='lat' dir='ltr'><strong>seminibus</strong></span> <span class='ocrx_word' id='word_1_80' title='bbox 549 1390 654 1450; x_wconf 82' lang='lat' dir='ltr'><strong>tentes</strong></span> <span class='ocrx_word' id='word_1_81' title='bbox 683 1395 810 1448; x_wconf 86' lang='lat' dir='ltr'><strong>truncos</strong></span> <span class='ocrx_word' id='word_1_82' title='bbox 837 1398 1004 1466; x_wconf 84' lang='lat' dir='ltr'><strong>remosque</strong></span> <span class='ocrx_word' id='word_1_83' title='bbox 1017 1458 1030 1470; x_wconf 18' lang='lat' dir='ltr'><strong>,h</strong></span> <span class='ocrx_word' id='word_1_84' title='bbox 1044 1405 1076 1462; x_wconf 48' lang='grc' dir='ltr'><strong>,ς</strong></span> 
     </span>
     <span class='ocr_line' id='line_1_13' title="bbox 56 1437 1058 1564; baseline 0.002 -20"><span class='ocrx_word' id='word_1_85' title='bbox 56 1437 245 1564; x_wconf 67' lang='lat' dir='ltr'><strong>lprocreet.</strong></span> <span class='ocrx_word' id='word_1_86' title='bbox 290 1483 440 1560; x_wconf 75' lang='lat' dir='ltr'><strong>Malleoli,</strong></span> <span class='ocrx_word' id='word_1_87' title='bbox 462 1486 598 1562; x_wconf 80' lang='lat' dir='ltr'><strong>plantae,</strong></span> <span class='ocrx_word' id='word_1_88' title='bbox 620 1491 785 1560; x_wconf 89' lang='lat' dir='ltr'><strong>sarmenta,</strong></span> <span class='ocrx_word' id='word_1_89' title='bbox 806 1476 1022 1560; x_wconf 41' lang='lat' dir='ltr'><strong>viviradices*</strong></span> <span class='ocrx_word' id='word_1_90' title='bbox 1044 1529 1058 1543; x_wconf 71' lang='grc'><strong>,-</strong></span> 
     </span>
     <span class='ocr_line' id='line_1_14' title="bbox 94 1581 1003 1660; baseline -0.002 -18"><span class='ocrx_word' id='word_1_91' title='bbox 94 1583 295 1660; x_wconf 74' lang='lat' dir='ltr'><strong>prepegines</strong></span> <span class='ocrx_word' id='word_1_92' title='bbox 311 1591 414 1640; x_wconf 87' lang='lat' dir='ltr'><strong>nenne</strong></span> <span class='ocrx_word' id='word_1_93' title='bbox 435 1581 581 1658; x_wconf 89' lang='lat' dir='ltr'><strong>efficiunt,</strong></span> <span class='ocrx_word' id='word_1_94' title='bbox 596 1589 632 1642; x_wconf 86' lang='lat' dir='ltr'><strong>ut</strong></span> <span class='ocrx_word' id='word_1_95' title='bbox 653 1581 886 1660; x_wconf 82' lang='lat' dir='ltr'><strong>quemviscum</strong></span> <span class='ocrx_word' id='word_1_96' title='bbox 907 1583 1003 1641; x_wconf 88' lang='lat' dir='ltr'><strong>admi-</strong></span> 
     </span>
     <span class='ocr_line' id='line_1_15' title="bbox 94 1677 1040 1757; baseline 0.001 -19"><span class='ocrx_word' id='word_1_97' title='bbox 94 1680 218 1740; x_wconf 82' lang='lat' dir='ltr'><strong>ratione</strong></span> <span class='ocrx_word' id='word_1_98' title='bbox 249 1677 433 1739; x_wconf 84' lang='lat' dir='ltr'><strong>delectent?</strong></span> <span class='ocrx_word' id='word_1_99' title='bbox 487 1680 572 1740; x_wconf 88' lang='lat' dir='ltr'><strong>Vitis</strong></span> <span class='ocrx_word' id='word_1_100' title='bbox 608 1679 743 1757; x_wconf 85' lang='lat' dir='ltr'><strong>quidem,</strong></span> <span class='ocrx_word' id='word_1_101' title='bbox 775 1697 854 1756; x_wconf 88' lang='lat' dir='ltr'><strong>quae</strong></span> <span class='ocrx_word' id='word_1_102' title='bbox 889 1685 1002 1739; x_wconf 81' lang='lat' dir='ltr'><strong>nature</strong></span> <span class='ocrx_word' id='word_1_103' title='bbox 1036 1679 1040 1686; x_wconf 82' lang='grc'><em>’</em></span> 
     </span>
     <span class='ocr_line' id='line_1_16' title="bbox 94 1775 1053 1852; baseline 0 -18"><span class='ocrx_word' id='word_1_104' title='bbox 94 1778 213 1836; x_wconf 85' lang='lat' dir='ltr'><strong>caduca</strong></span> <span class='ocrx_word' id='word_1_105' title='bbox 224 1781 274 1835; x_wconf 88' lang='lat' dir='ltr'><strong>cst</strong></span> <span class='ocrx_word' id='word_1_106' title='bbox 287 1780 328 1850; x_wconf 89' lang='lat' dir='ltr'><strong>et,</strong></span> <span class='ocrx_word' id='word_1_107' title='bbox 339 1775 403 1835; x_wconf 89' lang='lat' dir='ltr'><strong>nisi</strong></span> <span class='ocrx_word' id='word_1_108' title='bbox 413 1776 497 1836; x_wconf 83' lang='lat' dir='ltr'><strong>fulta</strong></span> <span class='ocrx_word' id='word_1_109' title='bbox 511 1777 678 1851; x_wconf 73' lang='lat' dir='ltr'><strong>estiatur</strong></span> <span class='ocrx_word' id='word_1_110' title='bbox 692 1778 732 1836; x_wconf 89' lang='lat' dir='ltr'><strong>ad</strong></span> <span class='ocrx_word' id='word_1_111' title='bbox 746 1783 871 1852; x_wconf 89' lang='lat' dir='ltr'><strong>terram,</strong></span> <span class='ocrx_word' id='word_1_112' title='bbox 884 1777 999 1852; x_wconf 88' lang='lat' dir='ltr'><strong>eadem,</strong></span> <span class='ocrx_word' id='word_1_113' title='bbox 1027 1801 1053 1847; x_wconf 85' lang='lat'><strong>15</strong></span> 
     </span>
     <span class='ocr_line' id='line_1_17' title="bbox 94 1873 1001 1951; baseline 0 -19"><span class='ocrx_word' id='word_1_114' title='bbox 94 1880 129 1932; x_wconf 88' lang='lat' dir='ltr'><strong>ut</strong></span> <span class='ocrx_word' id='word_1_115' title='bbox 144 1883 177 1934; x_wconf 88' lang='lat' dir='ltr'><strong>se</strong></span> <span class='ocrx_word' id='word_1_116' title='bbox 193 1873 296 1949; x_wconf 87' lang='lat' dir='ltr'><strong>erigat</strong></span> <span class='ocrx_word' id='word_1_117' title='bbox 311 1873 471 1933; x_wconf 68' lang='lat' dir='ltr'><strong>claviculis</strong></span> <span class='ocrx_word' id='word_1_118' title='bbox 493 1883 558 1933; x_wconf 89' lang='lat' dir='ltr'><strong>suis</strong></span> <span class='ocrx_word' id='word_1_119' title='bbox 580 1874 669 1950; x_wconf 91' lang='lat' dir='ltr'><strong>quasi</strong></span> <span class='ocrx_word' id='word_1_120' title='bbox 690 1874 833 1934; x_wconf 86' lang='lat' dir='ltr'><strong>manibus</strong></span> <span class='ocrx_word' id='word_1_121' title='bbox 851 1874 1001 1951; x_wconf 90' lang='lat' dir='ltr'><strong>quicquid</strong></span> 
     </span>
     <span class='ocr_line' id='line_1_18' title="bbox 95 1960 1001 2048; baseline 0.002 -20"><span class='ocrx_word' id='word_1_122' title='bbox 95 1977 143 2030; x_wconf 92' lang='lat' dir='ltr'><strong>est</strong></span> <span class='ocrx_word' id='word_1_123' title='bbox 156 1975 260 2044; x_wconf 87' lang='lat' dir='ltr'><strong>nacta,</strong></span> <span class='ocrx_word' id='word_1_124' title='bbox 276 1960 494 2047; x_wconf 88' lang='lat' dir='ltr'><strong>complectitur</strong></span> <span class='ocrx_word' id='word_1_125' title='bbox 502 1992 509 2045; x_wconf 84' lang='lat'>3</span> <span class='ocrx_word' id='word_1_126' title='bbox 532 1988 626 2047; x_wconf 91' lang='lat' dir='ltr'><strong>quam</strong></span> <span class='ocrx_word' id='word_1_127' title='bbox 641 1977 817 2047; x_wconf 87' lang='lat' dir='ltr'><strong>serpentem</strong></span> <span class='ocrx_word' id='word_1_128' title='bbox 832 1971 1001 2048; x_wconf 91' lang='lat' dir='ltr'><strong>multiplici</strong></span> 
     </span>
     <span class='ocr_line' id='line_1_19' title="bbox 95 2053 1001 2144; baseline 0.004 -20"><span class='ocrx_word' id='word_1_129' title='bbox 95 2053 377 2144; x_wconf 67' lang='lat' dir='ltr'><strong>lepsffeterratico</strong></span> <span class='ocrx_word' id='word_1_130' title='bbox 387 2066 472 2126; x_wconf 84' lang='lat' dir='ltr'><strong>ferre</strong></span> <span class='ocrx_word' id='word_1_131' title='bbox 483 2072 648 2144; x_wconf 83' lang='lat' dir='ltr'><strong>amputens</strong></span> <span class='ocrx_word' id='word_1_132' title='bbox 663 2073 783 2128; x_wconf 87' lang='lat' dir='ltr'><strong>coercet</strong></span> <span class='ocrx_word' id='word_1_133' title='bbox 794 2087 843 2128; x_wconf 91' lang='lat' dir='ltr'><strong>ars</strong></span> <span class='ocrx_word' id='word_1_134' title='bbox 855 2068 1001 2143; x_wconf 85' lang='lat' dir='ltr'><strong>agricole·</strong></span> 
     </span>
     <span class='ocr_line' id='line_1_20' title="bbox 94 2163 1099 2246; baseline 0.003 -25"><span class='ocrx_word' id='word_1_135' title='bbox 94 2181 173 2238; x_wconf 89' lang='lat' dir='ltr'><strong>rum,</strong></span> <span class='ocrx_word' id='word_1_136' title='bbox 188 2173 230 2221; x_wconf 91' lang='lat' dir='ltr'><strong>ne</strong></span> <span class='ocrx_word' id='word_1_137' title='bbox 245 2163 392 2222; x_wconf 90' lang='lat' dir='ltr'><strong>silvescat</strong></span> <span class='ocrx_word' id='word_1_138' title='bbox 407 2168 572 2223; x_wconf 86' lang='lat' dir='ltr'><strong>sarmentis</strong></span> <span class='ocrx_word' id='word_1_139' title='bbox 584 2169 615 2222; x_wconf 91' lang='lat' dir='ltr'><strong>et</strong></span> <span class='ocrx_word' id='word_1_140' title='bbox 629 2164 663 2222; x_wconf 91' lang='lat' dir='ltr'><strong>in</strong></span> <span class='ocrx_word' id='word_1_141' title='bbox 674 2174 774 2224; x_wconf 90' lang='lat' dir='ltr'><strong>omnis</strong></span> <span class='ocrx_word' id='word_1_142' title='bbox 789 2170 888 2242; x_wconf 87' lang='lat' dir='ltr'><strong>partis</strong></span> <span class='ocrx_word' id='word_1_143' title='bbox 902 2165 1000 2224; x_wconf 90' lang='lat' dir='ltr'><strong>nimia</strong></span> <span class='ocrx_word' id='word_1_144' title='bbox 1064 2203 1099 2246; x_wconf 50' lang='lat' dir='ltr'><strong>,sp</strong></span> 
     </span>
     <span class='ocr_line' id='line_1_21' title="bbox 94 2259 1052 2353; baseline 0.003 -35"><span class='ocrx_word' id='word_1_145' title='bbox 94 2259 256 2319; x_wconf 83' lang='lat' dir='ltr'><strong>fundatur.</strong></span> <span class='ocrx_word' id='word_1_146' title='bbox 306 2260 353 2318; x_wconf 86' lang='lat'><strong>53.</strong></span> <span class='ocrx_word' id='word_1_147' title='bbox 379 2259 492 2336; x_wconf 88' lang='lat' dir='ltr'><strong>ltaque</strong></span> <span class='ocrx_word' id='word_1_148' title='bbox 517 2259 747 2353; x_wconf 46' lang='lat' dir='ltr'><strong>were</strong></span> <span class='ocrx_word' id='word_1_149' title='bbox 776 2261 810 2320; x_wconf 91' lang='lat' dir='ltr'><strong>in</strong></span> <span class='ocrx_word' id='word_1_150' title='bbox 837 2271 891 2335; x_wconf 89' lang='lat' dir='ltr'><strong>eis,</strong></span> <span class='ocrx_word' id='word_1_151' title='bbox 920 2279 999 2338; x_wconf 88' lang='lat' dir='ltr'><strong>quae</strong></span> <span class='ocrx_word' id='word_1_152' title='bbox 1023 2289 1052 2321; x_wconf 70' lang='grc' dir='ltr'><em>ω</em></span> 
     </span>
     <span class='ocr_line' id='line_1_22' title="bbox 94 2355 1000 2433; baseline 0.004 -20"><span class='ocrx_word' id='word_1_153' title='bbox 94 2356 206 2415; x_wconf 88' lang='lat' dir='ltr'><strong>relicta</strong></span> <span class='ocrx_word' id='word_1_154' title='bbox 217 2361 299 2430; x_wconf 91' lang='lat' dir='ltr'><strong>sunt,</strong></span> <span class='ocrx_word' id='word_1_155' title='bbox 312 2355 438 2415; x_wconf 86' lang='lat' dir='ltr'><strong>exsistit</strong></span> <span class='ocrx_word' id='word_1_156' title='bbox 447 2361 607 2433; x_wconf 88' lang='lat' dir='ltr'><strong>tamquam</strong></span> <span class='ocrx_word' id='word_1_157' title='bbox 619 2357 660 2416; x_wconf 85' lang='lat' dir='ltr'><strong>ad</strong></span> <span class='ocrx_word' id='word_1_158' title='bbox 674 2357 821 2417; x_wconf 84' lang='lat' dir='ltr'><strong>articules</strong></span> <span class='ocrx_word' id='word_1_159' title='bbox 833 2362 1000 2417; x_wconf 78' lang='lat' dir='ltr'><strong>sarmente</strong></span> 
     </span>
     <span class='ocr_line' id='line_1_23' title="bbox 94 2453 999 2530; baseline 0.003 -20"><span class='ocrx_word' id='word_1_160' title='bbox 94 2471 163 2511; x_wconf 90' lang='lat' dir='ltr'><strong>rum</strong></span> <span class='ocrx_word' id='word_1_161' title='bbox 185 2471 231 2526; x_wconf 87' lang='lat' dir='ltr'><strong>ea,</strong></span> <span class='ocrx_word' id='word_1_162' title='bbox 252 2469 331 2528; x_wconf 91' lang='lat' dir='ltr'><strong>quae</strong></span> <span class='ocrx_word' id='word_1_163' title='bbox 353 2471 474 2526; x_wconf 86' lang='lat' dir='ltr'><strong>gemma</strong></span> <span class='ocrx_word' id='word_1_164' title='bbox 494 2453 618 2527; x_wconf 87' lang='lat' dir='ltr'><strong>dicitur,</strong></span> <span class='ocrx_word' id='word_1_165' title='bbox 638 2463 657 2512; x_wconf 82' lang='lat' dir='ltr'><strong>a</strong></span> <span class='ocrx_word' id='word_1_166' title='bbox 678 2463 740 2530; x_wconf 83' lang='lat' dir='ltr'><strong>que</strong></span> <span class='ocrx_word' id='word_1_167' title='bbox 760 2453 862 2513; x_wconf 89' lang='lat' dir='ltr'><strong>oriens</strong></span> <span class='ocrx_word' id='word_1_168' title='bbox 883 2463 946 2512; x_wconf 86' lang='lat' dir='ltr'><strong>uva</strong></span> <span class='ocrx_word' id='word_1_169' title='bbox 966 2464 999 2513; x_wconf 91' lang='lat' dir='ltr'><strong>se</strong></span> 
     </span>
     <span class='ocr_line' id='line_1_24' title="bbox 95 2548 998 2624; baseline 0.004 -18"><span class='ocrx_word' id='word_1_170' title='bbox 95 2548 243 2622; x_wconf 85' lang='lat' dir='ltr'><strong>ostendit,</strong></span> <span class='ocrx_word' id='word_1_171' title='bbox 256 2567 334 2624; x_wconf 90' lang='lat' dir='ltr'><strong>quae</strong></span> <span class='ocrx_word' id='word_1_172' title='bbox 346 2553 376 2606; x_wconf 91' lang='lat' dir='ltr'><strong>et</strong></span> <span class='ocrx_word' id='word_1_173' title='bbox 388 2558 461 2608; x_wconf 79' lang='lat' dir='ltr'><strong>sice</strong></span> <span class='ocrx_word' id='word_1_174' title='bbox 472 2554 573 2608; x_wconf 87' lang='lat' dir='ltr'><strong>terrae</strong></span> <span class='ocrx_word' id='word_1_175' title='bbox 585 2555 617 2608; x_wconf 91' lang='lat' dir='ltr'><strong>et</strong></span> <span class='ocrx_word' id='word_1_176' title='bbox 627 2549 729 2609; x_wconf 86' lang='lat' dir='ltr'><strong>calere</strong></span> <span class='ocrx_word' id='word_1_177' title='bbox 744 2549 819 2610; x_wconf 86' lang='lat' dir='ltr'><strong>selis</strong></span> <span class='ocrx_word' id='word_1_178' title='bbox 831 2559 998 2624; x_wconf 81' lang='lat' dir='ltr'><strong>augescens</strong></span> 
     </span>
     <span class='ocr_line' id='line_1_25' title="bbox 94 2644 1000 2721; baseline 0.007 -19"><span class='ocrx_word' id='word_1_179' title='bbox 94 2654 197 2721; x_wconf 85' lang='lat' dir='ltr'><strong>primo</strong></span> <span class='ocrx_word' id='word_1_180' title='bbox 207 2645 428 2720; x_wconf 89' lang='lat' dir='ltr'><strong>estperacerba</strong></span> <span class='ocrx_word' id='word_1_181' title='bbox 437 2644 585 2720; x_wconf 84' lang='lat' dir='ltr'><strong>gustetu,²</strong></span> <span class='ocrx_word' id='word_1_182' title='bbox 595 2646 707 2706; x_wconf 88' lang='lat' dir='ltr'><strong>deinde</strong></span> <span class='ocrx_word' id='word_1_183' title='bbox 716 2651 874 2705; x_wconf 81' lang='lat' dir='ltr'><strong>maturata</strong></span> <span class='ocrx_word' id='word_1_184' title='bbox 882 2646 1000 2708; x_wconf 87' lang='lat' dir='ltr'><strong>dulces-</strong></span> 
     </span>
     <span class='ocr_line' id='line_1_26' title="bbox 94 2741 1049 2820; baseline 0.001 -21"><span class='ocrx_word' id='word_1_185' title='bbox 94 2741 146 2816; x_wconf 87' lang='lat' dir='ltr'><strong>cit,</strong></span> <span class='ocrx_word' id='word_1_186' title='bbox 161 2745 339 2818; x_wconf 87' lang='lat' dir='ltr'><strong>vestitaque</strong></span> <span class='ocrx_word' id='word_1_187' title='bbox 354 2742 511 2820; x_wconf 88' lang='lat' dir='ltr'><strong>pampinis</strong></span> <span class='ocrx_word' id='word_1_188' title='bbox 525 2761 582 2802; x_wconf 87' lang='lat' dir='ltr'><strong>nec</strong></span> <span class='ocrx_word' id='word_1_189' title='bbox 596 2742 718 2802; x_wconf 85' lang='lat' dir='ltr'><strong>modice</strong></span> <span class='ocrx_word' id='word_1_190' title='bbox 728 2743 855 2820; x_wconf 82' lang='lat' dir='ltr'><strong>tepere³</strong></span> <span class='ocrx_word' id='word_1_191' title='bbox 868 2749 952 2802; x_wconf 88' lang='lat' dir='ltr'><strong>caret</strong></span> <span class='ocrx_word' id='word_1_192' title='bbox 967 2750 998 2804; x_wconf 89' lang='lat' dir='ltr'><strong>et</strong></span> <span class='ocrx_word' id='word_1_193' title='bbox 1021 2767 1049 2814; x_wconf 82' lang='lat'><strong>25</strong></span> 
     </span>
    </p>
   </div>
   <div class='ocr_carea' id='block_1_3' title="bbox 121 2913 978 3109">
    <p class='ocr_par' dir='ltr' id='par_1_3' title="bbox 121 2913 978 3109">
     <span class='ocr_line' id='line_1_27' title="bbox 123 2913 978 2975; baseline 0.005 -15"><span class='ocrx_word' id='word_1_194' title='bbox 123 2913 134 2947; x_wconf 83' lang='lat'>1</span> <span class='ocrx_word' id='word_1_195' title='bbox 148 2915 271 2966; x_wconf 77' lang='lat' dir='ltr'><strong>noscatis.</strong></span> <span class='ocrx_word' id='word_1_196' title='bbox 281 2914 309 2959; x_wconf 86' lang='lat' dir='ltr'><strong>A.</strong></span> <span class='ocrx_word' id='word_1_197' title='bbox 318 2915 338 2960; x_wconf 74' lang='grc' dir='ltr'><strong>δι</strong></span> <span class='ocrx_word' id='word_1_198' title='bbox 347 2915 376 2962; x_wconf 83' lang='lat' dir='ltr'><strong>G.</strong></span> <span class='ocrx_word' id='word_1_199' title='bbox 387 2917 438 2972; x_wconf 77' lang='lat'><strong>317,</strong></span> <span class='ocrx_word' id='word_1_200' title='bbox 451 2930 476 2972; x_wconf 88' lang='lat' dir='ltr'><strong>c;</strong></span> <span class='ocrx_word' id='word_1_201' title='bbox 493 2916 522 2963; x_wconf 81' lang='lat' dir='ltr'><strong>G.</strong></span> <span class='ocrx_word' id='word_1_202' title='bbox 535 2917 555 2961; x_wconf 82' lang='lat' dir='ltr'><strong>e</strong></span> <span class='ocrx_word' id='word_1_203' title='bbox 566 2917 593 2962; x_wconf 91' lang='lat' dir='ltr'><strong>L.</strong></span> <span class='ocrx_word' id='word_1_204' title='bbox 603 2917 655 2971; x_wconf 82' lang='lat'><strong>545,</strong></span> <span class='ocrx_word' id='word_1_205' title='bbox 667 2917 689 2972; x_wconf 88' lang='lat'><strong>3,</strong></span> <span class='ocrx_word' id='word_1_206' title='bbox 701 2915 771 2963; x_wconf 87' lang='lat' dir='ltr'><strong>Rem.</strong></span> <span class='ocrx_word' id='word_1_207' title='bbox 779 2917 806 2975; x_wconf 79' lang='lat'><strong>33</strong></span> <span class='ocrx_word' id='word_1_208' title='bbox 822 2917 914 2974; x_wconf 74' lang='lat' dir='ltr'><strong>Eece,</strong></span> <span class='ocrx_word' id='word_1_209' title='bbox 923 2919 946 2973; x_wconf 86' lang='lat'><strong>2,</strong></span> <span class='ocrx_word' id='word_1_210' title='bbox 953 2931 978 2964; x_wconf 87' lang='lat' dir='ltr'><strong>n.</strong></span> 
     </span>
     <span class='ocr_line' id='line_1_28' title="bbox 121 2981 747 3041; baseline 0.006 -15"><span class='ocrx_word' id='word_1_211' title='bbox 121 2981 133 3013; x_wconf 74' lang='lat'>²</span> <span class='ocrx_word' id='word_1_212' title='bbox 147 2985 266 3038; x_wconf 64' lang='lat' dir='ltr'><strong>cantata,</strong></span> <span class='ocrx_word' id='word_1_213' title='bbox 278 2981 308 3026; x_wconf 82' lang='grc' dir='ltr'><strong>Α.</strong></span> <span class='ocrx_word' id='word_1_214' title='bbox 320 2983 341 3028; x_wconf 76' lang='lat' dir='ltr'><strong>tr</strong></span> <span class='ocrx_word' id='word_1_215' title='bbox 352 2983 382 3029; x_wconf 86' lang='lat' dir='ltr'><strong>G.</strong></span> <span class='ocrx_word' id='word_1_216' title='bbox 395 2985 449 3039; x_wconf 72' lang='lat'><strong>2533</strong></span> <span class='ocrx_word' id='word_1_217' title='bbox 465 2985 496 3030; x_wconf 81' lang='lat' dir='ltr'><strong>G.</strong></span> <span class='ocrx_word' id='word_1_218' title='bbox 509 2984 530 3028; x_wconf 71' lang='lat' dir='ltr'><strong>tr</strong></span> <span class='ocrx_word' id='word_1_219' title='bbox 541 2985 569 3028; x_wconf 94' lang='lat' dir='ltr'><strong>L.</strong></span> <span class='ocrx_word' id='word_1_220' title='bbox 581 2986 635 3041; x_wconf 76' lang='lat'><strong>3973</strong></span> <span class='ocrx_word' id='word_1_221' title='bbox 651 2985 684 3029; x_wconf 89' lang='grc' dir='ltr'><strong>Η.</strong></span> <span class='ocrx_word' id='word_1_222' title='bbox 695 2985 747 3030; x_wconf 84' lang='grc'><strong>424.</strong></span> 
     </span>
     <span class='ocr_line' id='line_1_29' title="bbox 122 3047 727 3109; baseline 0.007 -15"><span class='ocrx_word' id='word_1_223' title='bbox 122 3047 134 3081; x_wconf 79' lang='lat'>⁸</span> <span class='ocrx_word' id='word_1_224' title='bbox 149 3054 243 3105; x_wconf 76' lang='lat' dir='ltr'><strong>tepore,</strong></span> <span class='ocrx_word' id='word_1_225' title='bbox 255 3048 285 3092; x_wconf 90' lang='lat' dir='ltr'><strong>A.</strong></span> <span class='ocrx_word' id='word_1_226' title='bbox 298 3049 318 3094; x_wconf 74' lang='grc' dir='ltr'><strong>δι</strong></span> <span class='ocrx_word' id='word_1_227' title='bbox 330 3050 359 3096; x_wconf 83' lang='lat' dir='ltr'><strong>G.</strong></span> <span class='ocrx_word' id='word_1_228' title='bbox 372 3053 428 3109; x_wconf 87' lang='lat'>243;</span> <span class='ocrx_word' id='word_1_229' title='bbox 445 3051 475 3097; x_wconf 86' lang='lat' dir='ltr'><strong>G.</strong></span> <span class='ocrx_word' id='word_1_230' title='bbox 486 3053 507 3096; x_wconf 71' lang='lat' dir='ltr'><strong>ea</strong></span> <span class='ocrx_word' id='word_1_231' title='bbox 518 3052 546 3097; x_wconf 92' lang='lat' dir='ltr'><strong>L.</strong></span> <span class='ocrx_word' id='word_1_232' title='bbox 558 3053 601 3098; x_wconf 83' lang='lat'><strong>405</strong></span> <span class='ocrx_word' id='word_1_233' title='bbox 608 3067 614 3108; x_wconf 90' lang='lat'>;</span> <span class='ocrx_word' id='word_1_234' title='bbox 631 3053 663 3097; x_wconf 91' lang='lat' dir='ltr'><strong>H.</strong></span> <span class='ocrx_word' id='word_1_235' title='bbox 675 3053 727 3098; x_wconf 87' lang='grc'><strong>413.</strong></span> 
     </span>
    </p>
   </div>
   <div class='ocr_carea' id='block_1_4' title="bbox 0 0 1188 3514">
    <p class='ocr_par' dir='ltr' id='par_1_4' title="bbox 0 0 1188 3514">
     <span class='ocr_line' id='line_1_30' title="bbox 0 0 1188 3514; baseline 0 0"><span class='ocrx_word' id='word_1_236' title='bbox 0 0 1188 3514; x_wconf 95' lang='lat' dir='ltr'><strong> </strong></span> 
     </span>
    </p>
   </div>
  </div>
 </body>
</html>
