2360 3514
180 245 223 312 58
427 265 466 314 st.
494 252 616 315 sessi
633 252 838 317 emicebms

179 431 256 490 ilhie
270 431 383 508 omnia,
399 434 481 493 unde
496 440 565 494 orta
579 440 661 509 sunt,
674 435 796 494 animus
812 439 916 493 autem
928 433 1014 494 sblus
1025 453 1080 495 nec

179 547 249 588 cum
270 530 360 589 adesi
382 549 439 589 nee
462 550 532 590 cum
558 531 700 606 discedit,
723 515 861 608 apparel.
916 531 984 589 Iam
1008 541 1080 592 verb

179 625 295 686 videbis
313 625 393 684 nihil
413 645 480 688 esse
497 635 592 688 morbi
610 634 675 687 tam
693 627 796 687 simile
814 646 908 704 quam
927 647 1077 687 somnum.

179 723 226 783 81.
256 723 356 801 Atqui
383 724 605 810 desipientium
633 724 731 784 animi
758 723 893 783 maxime
921 724 1080 784 declarant

141 828 155 874 5
180 820 379 880 divinitatem
390 839 495 897 suem3
513 822 613 881 mulie
623 821 716 896 enim,
732 839 802 880 eum
811 820 936 880 remissi
946 826 979 880 et
990 821 1080 881 liberi

179 917 594 996 sunt‚fuii1raprbspieiuni.
630 919 680 977 Ex
691 927 752 995 qub
763 917 961 994 intellegitur
971 918 1080 994 quales

178 1014 281 1072 futiri
300 1014 372 1089 sint,
390 1034 460 1074 cum
482 1026 515 1076 se
533 1017 625 1094 plebe
646 1015 783 1092 corporis
805 1013 942 1074 vinculis
964 1015 1081 1074 relaxs

178 1111 291 1169 verint.
340 1112 451 1188 Quare,
473 1122 501 1172 si
521 1112 597 1172 haee
622 1112 667 1172 iia
690 1117 772 1186 sunl,
797 1120 842 1170 sic
863 1119 913 1169 me
932 1110 1079 1186 eolitbte,'

178 1207 292 1284 inquit,
313 1213 365 1267 ‘ui
386 1209 493 1284 deum3
523 1219 572 1269 sin
592 1217 656 1267 smel
677 1214 725 1268 est
749 1207 935 1267 inberiilirus
957 1207 1079 1268 animus

128 1326 155 1357 10
179 1323 248 1362 eum
273 1323 408 1382 corpore,
432 1315 487 1364 vbs
512 1311 626 1382 lemen,
642 1307 716 1365 debs
744 1310 896 1379 verentes,
920 1313 976 1381 qui
1001 1305 1079 1364 hane

179 1420 301 1460 omnem
326 1401 593 1478 pulchriiiidinem
617 1407 746 1461 tuentur
769 1407 800 1460 eb
824 1407 945 1477 regunt,
969 1419 1080 1461 meme

179 1499 258 1558 riam
272 1504 371 1560 nostri
385 1497 436 1576 pie
451 1486 663 1576 inviolateque
678 1497 883 1558 servabitis.'¹

448 1739 652 1801 ΟΗΛΡΤΕΒ
679 1741 806 1800 ΧΧΙΙΙ.

96 1924 98 1928 ·
181 1901 224 1966 (2)
245 1902 263 1951 I
275 1902 371 1952 believe
387 1902 444 1952 lbet
460 1909 536 1965 ercet
551 1917 611 1952 men
626 1915 672 1952 cre
687 1902 806 1962 inspires
818 1907 844 1951 lo
856 1902 890 1951 do
903 1908 979 1964 creet
991 1902 1081 1966 clines

220 1985 329 2034 because
347 1985 406 2046 blec
423 1999 464 2034 see
481 1985 539 2034 lbet
556 1985 599 2034 lbe
616 1985 711 2046 future
729 1985 761 2046 os
779 1985 821 2034 lle
839 1985 923 2033 world
941 1986 998 2034 will
1017 1999 1079 2035 eon·

219 2080 280 2116 cere
300 2068 460 2116 themselves.
501 2067 591 2116 Hence
612 2081 629 2116 a
650 2066 728 2116 noble
748 2067 856 2116 bledein
876 2067 909 2128 es
928 2067 1081 2128 ieclon'oes

219 2163 285 2199 ease.
323 2149 422 2209 Hence,
440 2155 492 2210 loo,
510 2149 553 2199 ibe
570 2150 657 2198 wlsesl
675 2163 739 2200 men
757 2154 836 2199 meets
854 2149 934 2199 death
951 2149 994 2199 ibe
1013 2154 1081 2199 mosi

219 2233 323 2292 cclmly.
705 2277 708 2282 .

180 2313 223 2380 (3)
244 2315 264 2363 I
269 2315 325 2377 secl
337 2327 354 2364 α
368 2314 480 2376 loeeinq
491 2314 575 2363 desire
590 2319 617 2363 to
630 2327 672 2363 see
686 2314 729 2364 ebe
743 2319 818 2376 areat
829 2314 861 2376 cs
871 2313 923 2363 old.
961 2314 981 2362 I
987 2314 1022 2364 clo
1034 2317 1082 2364 ecl

218 2398 303 2447 desire
314 2402 340 2447 to
354 2397 404 2446 live
416 2409 459 2458 my
471 2397 517 2458 leffe
529 2397 611 2458 cecis
627 2395 740 2460 (thecel
752 2397 772 2445 I
778 2397 812 2445 do
824 2401 870 2446 not
881 2401 969 2458 secret
980 2396 1082 2458 hacine

219 2481 288 2530 lived
301 2479 347 2542 il),
360 2480 409 2541 sor
422 2479 464 2528 lle
481 2480 544 2528 lime
562 2491 646 2528 comes
662 2479 738 2528 sebee
754 2492 792 2528 we
809 2479 874 2528 beve
892 2478 946 2528 bed
963 2479 1078 2541 enouqb.

219 2563 276 2612 Bel
291 2562 392 2612 Isball
407 2561 492 2623 rejoe‘n
506 2573 549 2622 my
563 2575 621 2620 son,
637 2561 723 2611 whose
740 2562 794 2610 loss
811 2561 831 2609 I
844 2561 905 2610 bore
923 2561 1035 2612 because
1053 2559 1086 2622 os

219 2645 272 2694 ibis
284 2657 437 2694 esserance.

217 2793 265 2852 82.
295 2793 394 2870 Cyrus
414 2791 541 2870 quidem
558 2791 635 2851 haee
653 2790 806 2866 moriens3
832 2800 898 2864 nce,
916 2799 945 2850 si
963 2789 1079 2868 placeb,

177 2895 285 2950 nostre
296 2889 465 2950 videamus.
508 2889 610 2948 Nemb
621 2907 769 2965 umquem
784 2886 872 2962 mihi,
885 2887 999 2964 Scipio,
1012 2905 1081 2964 per-

236 3062 246 3096 1
260 3062 403 3117 semaces,
415 3063 445 3108 A.
457 3061 479 3108 c
490 3062 520 3108 e.
531 3064 583 3118 ees,
589 3063 617 3120 s;
633 3061 663 3108 e.
676 3061 697 3106 e
708 3061 736 3106 L.
747 3061 800 3117 272,
811 3061 833 3116 1,
845 3060 873 3117 ω
890 3060 922 3105 Η.
933 3061 985 3114 487.
996 3062 1020 3108 4.
