2360 3514
180 277 224 344 42
426 293 467 342 rr.
494 281 616 342 rurri
633 279 839 342 creareris

181 460 367 522 Cincinnato
402 461 581 520 nuntiatum
615 467 662 521 est
695 479 765 520 eum
797 460 980 520 dictatarem
1013 479 1073 520 esse

180 559 317 632 iactum3
340 557 429 617 ouius
445 557 606 618 dictatoris
621 557 710 618 iassir
723 557 872 632 magister
886 557 1027 633 equitum
1040 557 1072 617 C.

182 654 333 714 Servilius
357 653 461 714 Ahala
485 655 536 731 Sp.
559 654 710 739 Maelium
731 663 861 728 regnum
881 653 1076 730 adpetentem

181 757 364 828 occupatum
378 751 545 810 interemit.
588 751 618 808 Α
636 751 714 809 villa
735 750 769 808 in
788 755 931 810 senatum
950 759 1076 810 arcesse-

142 865 156 910 5
180 849 271 908 batur
282 853 314 907 et
325 847 437 908 Curius
449 852 481 906 et
491 853 588 906 ceteri
602 857 700 922 senes,
713 865 752 906 ex
764 856 834 924 que,
850 855 905 923 qui
918 855 970 906 eos
986 865 1078 907 arces-

181 945 291 1005 sebant
305 945 440 1004 viatores
455 944 608 1003 nominati
625 949 706 1003 sunt.
749 945 835 1002 Num
854 942 951 1017 igitur
970 943 1078 1002 horum

181 1047 323 1102 senectus
337 1041 524 1100 miserabilis
540 1040 612 1115 fuit,
628 1050 683 1117 qui
698 1050 730 1100 se
745 1049 812 1115 agri
826 1039 965 1098 cultione
985 1039 1080 1099 oblec

179 1139 314 1197 tabant?
357 1140 429 1197 Mea
443 1139 569 1215 quidem
585 1135 982 1205 sententiahauascioan1
995 1136 1081 1196 nulla

180 1235 298 1294 beatior
316 1235 416 1312 possit
435 1254 511 1309 esse,
529 1253 629 1311 neque
649 1235 750 1294 solum
769 1233 877 1308 officie,
898 1233 983 1310 quod
999 1233 1082 1293 hom-

130 1351 157 1382 10
179 1331 267 1390 inum
282 1341 387 1407 generi
401 1331 546 1391 univorsa
560 1331 684 1390 cultura
703 1339 846 1406 agrorum
861 1335 910 1389 est
924 1329 1081 1404 salutaris,

180 1429 235 1490 sed
247 1433 278 1488 et
289 1428 503 1502 delectatione,
515 1447 608 1504 quam
620 1429 695 1502 dixi,
706 1433 737 1486 et
752 1426 916 1486 saturitate
930 1426 1083 1503 copiaque

179 1536 282 1586 rerum
297 1525 444 1599 omnium,
457 1543 535 1601 quae
547 1525 587 1584 ad
599 1530 717 1584 victum
727 1523 898 1597 hominum,
910 1523 952 1581 ad
962 1523 1083 1582 cultum

180 1623 274 1682 etiam
294 1623 421 1681 deorum
442 1621 609 1697 pertinent,
628 1627 673 1695 ut,
694 1620 841 1698 quoniam
860 1619 936 1678 haec
954 1621 1084 1696 quidam

181 1720 367 1792 desiderant,
382 1717 897 1809 QQQQXOIUPffloe
909 1716 1103 1805 1221?de

130 1830 155 1876 15
181 1815 308 1892 Semper
329 1815 411 1873 enirn
433 1815 506 1874 boni
527 1814 707 1890 assiduique
729 1801 987 1872 doniiiii'i'eferta
1003 1813 1086 1872 cella

179 1912 309 1985 vinaria,
338 1911 461 1984 olearia,
490 1911 584 1969 etiam
609 1910 737 1988 penaria
764 1915 820 1984 est,
849 1909 989 1986 villaque
1017 1915 1087 1968 tota

179 2007 318 2084 locuples
341 2013 398 2082 est,
422 2008 559 2066 abundat
583 2017 684 2084 porco,
705 2007 815 2081 haedo,
838 2015 927 2080 agne,
953 2006 1084 2081 gallina,

179 2104 269 2176 lacte,
285 2112 382 2176 casea,
397 2104 498 2162 melle.
541 2105 610 2162 Iam
624 2104 750 2162 hortum
764 2103 827 2181 ipsi
846 2101 1000 2177 agricolae
1018 2121 1086 2162 sue

179 2200 293 2260 cidiam
318 2200 450 2258 alteram
474 2201 643 2277 appellant.
697 2199 879 2260 Conditiera
902 2198 982 2257 facit
1006 2199 1087 2258 haec

128 2323 156 2354 20
180 2305 417 2374 supervacaneis
432 2296 526 2356 etiam
542 2307 643 2373 operis
658 2296 826 2374 aucupium
840 2301 934 2372 atque
945 2296 1085 2354 venatio.

179 2394 227 2454 57.
250 2392 332 2464 Quid
344 2393 381 2451 de
393 2399 551 2470 pratorum
567 2392 729 2452 viriditate
744 2398 799 2452 aut
814 2393 958 2451 arborum
969 2391 1088 2450 ardini-

169 2492 237 2555 .bus
252 2495 306 2550 aut
319 2499 481 2548 vinearum
496 2489 720 2549 olivetorumve
736 2489 838 2567 specie
849 2489 942 2566 plura
953 2488 1087 2548 dicam?

179 2588 276 2646 Brevi
289 2587 482 2664 praecidam:
505 2595 579 2660 agre
593 2587 671 2646 bene
686 2586 771 2646 culto
791 2585 872 2644 nihil
892 2589 997 2662 potest
1016 2601 1089 2644 esse

179 2702 236 2742 nec
264 2693 325 2742 risa
352 2683 478 2742 uberius
506 2701 563 2741 nec
596 2682 699 2759 specie
728 2682 885 2757 ornatius3
921 2681 962 2740 ad
990 2699 1087 2758 quem

127 2799 154 2844 25
179 2778 366 2839 fruendum²
391 2790 455 2839 non
482 2779 572 2838 modo
593 2789 657 2839 nen
680 2779 828 2854 retardat,
851 2787 961 2838 verum
986 2777 1091 2837 etiam

218 2957 228 2991 1
243 2958 315 3004 haud
324 2959 376 3004 scio
387 2971 430 3012 an,
443 2957 472 3004 G.
484 2957 505 3002 dv
516 2958 543 3002 L.
555 2959 607 3012 451,
619 2958 643 3012 2;
660 2957 692 3002 Η.
703 2957 755 3012 529,
767 2955 798 3001 11.
808 2955 831 3012 3,
842 2954 879 3012 2),
891 2968 916 3000 n.
928 2955 950 3000 2.

179 3094 194 3138 2
218 3023 393 3137 2]“5νιιετι(11ιιγι,
405 3027 435 3070 A.
451 3025 472 3070 dv
489 3025 519 3072 G.
531 3026 582 3081 296,
596 3025 681 3078 Rom.;
701 3023 732 3070 G.
749 3023 770 3068 e
785 3023 814 3070 L.
828 3024 880 3079 422,
895 3035 921 3068 n.
936 3024 962 3080 5;
981 3022 1016 3067 Η.
1031 3021 1091 3076 544,

197 3105 239 3147 ,n.
267 3125 273 3136 .
