2360 3516
206 289 248 354 30
451 303 492 353 11.
518 290 642 353 runci
659 290 866 354 monronis

206 473 379 546 Tarentini,
401 480 507 546 magni
527 472 561 530 in
582 481 693 548 primis
714 477 747 532 et
763 471 916 548 praeclari
936 471 1007 548 viri,
1028 491 1107 550 quae

206 568 286 627 mihi
299 568 418 627 tradita
431 574 480 628 est
493 587 564 627 cum
579 587 679 628 essem
694 568 878 628 adulescens
893 570 1025 628 Tarenti
1039 589 1107 629 cum

206 664 240 734 Q.
264 665 412 724 Meximo.
462 665 593 724 Nullam
621 664 837 741 capitoliorem
864 670 985 741 pestem
1014 685 1107 742 quam

205 760 400 838 voluptatem
428 761 566 838 corporis
593 760 773 820 hominibus
798 761 921 820 dicebat
948 770 968 820 e
995 768 1108 822 natura

168 876 182 924 5
207 858 321 932 datam,
337 857 425 918 eiius
441 857 614 935 voluptatis
635 857 746 916 avidae
766 856 916 916 libidines
936 861 1058 918 temere
1077 861 1107 918 et

206 955 364 1014 ecfrenato
392 955 432 1014 ad
459 954 643 1031 potiendum
672 953 886 1013 incitarentur.
942 954 991 1014 40.
1022 955 1107 1014 Hinc

206 1051 326 1128 patriae
350 1051 553 1128 proditiones,
578 1050 652 1109 hinc
676 1059 780 1108 rerum
804 1049 1001 1127 publicarum
1027 1061 1109 1110 ever·

207 1148 318 1222 sioneS,
348 1148 422 1207 hinc
449 1166 520 1206 cum
549 1146 692 1207 hostibus
725 1146 923 1206 clandestina
952 1146 1108 1225 colloquia

205 1253 308 1320 nesci;
323 1245 446 1303 nullum
457 1243 592 1320 denique
604 1243 714 1318 scelus,
723 1242 846 1302 millum
857 1242 975 1302 malum
984 1243 1107 1304 facinus

155 1363 183 1394 10
206 1359 283 1415 esse,
305 1342 345 1400 ad
369 1341 452 1418 quod
473 1339 707 1416 suscipiendum
728 1348 791 1399 non
815 1338 913 1399 libide
934 1339 1107 1417 voluptatis
1160 1323 1163 1330 ’

206 1437 398 1515 impelleret;
421 1442 530 1514 stupra
550 1446 624 1496 vero
645 1441 678 1495 et
702 1435 858 1496 adulteria
877 1440 910 1495 ct
931 1453 1024 1496 omne
1045 1437 1107 1496 tale

205 1535 359 1610 flagitium
374 1534 471 1592 millis
486 1533 617 1592 excitari
630 1532 702 1592 aliis
717 1531 882 1592 inlecebris
893 1531 957 1592 nisi
968 1533 1108 1612 volupte

205 1632 267 1706 tis3
289 1648 421 1707 cumque
445 1629 566 1688 homini
587 1627 673 1689 sive¹
693 1634 806 1688 notura
827 1627 913 1689 sive¹
933 1628 1006 1706 quis
1032 1631 1106 1689 deus
1169 1665 1170 1737 p

205 1728 287 1786 nihil
295 1733 399 1786 mente
407 1725 863 1803 praestabiliusdedisset,huic
871 1725 1108 1786 divinomimeri
1163 1743 1169 1752 ·

61 1859 63 1864 -
154 1847 181 1893 15
205 1833 240 1883 ac
255 1825 336 1883 dono
350 1823 432 1881 nihil
445 1828 511 1880 tam
526 1840 594 1882 esse
608 1821 770 1880 inimicum
784 1839 879 1898 quam
892 1821 1105 1899 voluptatem

204 1921 252 1978 41.
272 1937 329 1978 nee
341 1919 424 1977 enim
435 1918 565 1978 libidine
577 1918 758 1977 dominante
767 1917 994 1995 temperantiae
1006 1919 1107 1979 locum

205 2034 282 2088 esse,
303 2033 404 2091 neque
429 2024 556 2074 omnine
580 2015 614 2072 in
638 2013 812 2091 voluptatis
836 2023 932 2089 regno
955 2014 1107 2075 virtotem

204 2130 296 2189 posse
310 2110 620 2210 consisterepQuod
640 2120 702 2187 quo
718 2109 818 2186 magis
833 2109 978 2187 intellegi
991 2117 1106 2188 posset,
1167 2151 1168 2156 κ

204 2209 321 2284 fingere
352 2207 456 2266 animo
490 2207 618 2266 iubebat
644 2212 734 2266 tanto
767 2206 933 2266 incitatum
968 2207 1107 2286 aliquem

152 2333 181 2364 ω
204 2305 366 2382 voluptate
385 2303 531 2380 corporis,
547 2308 665 2380 quanta
685 2302 805 2380 percipi
825 2308 931 2380 posset
951 2304 1105 2379 moxima;

204 2402 323 2461 nemini
337 2401 483 2460 censebat
494 2401 562 2460 fore
576 2400 715 2475 dubium,
727 2409 804 2477 quin
818 2405 884 2459 tam
898 2399 962 2474 diu,
975 2400 1051 2460 dum
1061 2401 1107 2460 ita
1166 2405 1167 2412 ’

205 2499 361 2574 gauderet,
384 2497 464 2556 nihil
485 2496 605 2572 agitare
629 2503 743 2571 mente,
765 2495 848 2554 nihil
872 2495 1003 2571 ratione,
1026 2495 1106 2556 nihil

204 2594 393 2672 cogitatione
418 2602 566 2670 consequi
589 2583 731 2682 posset)
756 2591 906 2662 Quocirca
932 2592 1015 2651 nihil
1040 2610 1105 2652 esse

203 2697 269 2750 tam
290 2690 476 2750 detestabile
501 2695 628 2766 tamque
649 2689 835 2766 pestiferum
857 2707 951 2766 quam
965 2689 1107 2766 volupto-
1164 2685 1166 2732 ἵ

152 2815 180 2861 25
204 2793 276 2862 tem,
290 2787 445 2864 siquidem
456 2805 501 2861 ea,
511 2805 582 2846 cum
592 2786 691 2845 maior
702 2790 784 2846 esset
793 2791 887 2863 atque
896 2785 1104 2863 longinquior,

204 2882 295 2945 omne
323 2883 421 2943 animi
447 2883 554 2942 himen
582 2882 804 2958 exstingueret.
857 2883 945 2942 Haec
973 2901 1044 2942 cum
1071 2881 1103 2942 G.

234 3096 625 3156 letae...rrve,n.cc.1to‚c;
642 3096 857 3154 acinacen
874 3096 906 3142 H.
917 3097 970 3154 554,
981 3095 1078 3153 iiaa
