2360 3514
164 257 207 320 44
411 273 452 322 M.
479 261 601 323 russi
618 259 824 322 crcurdurs

165 441 341 516 adtulisset,
357 447 389 500 et
403 446 516 500 ceteris
532 441 566 499 in
585 441 686 516 rebus,
698 451 893 500 communem
914 449 988 516 erga
1008 441 1068 518 Ly-

165 538 314 597 sandrum
342 544 436 614 atque
463 538 634 597 humanum
661 537 761 598 fuisse
788 543 820 596 et
851 547 881 596 ei
911 537 1068 614 quendam

165 641 367 712 consaeptum
389 655 497 710 agrum
518 635 686 710 diligenter
707 635 862 694 censitum
883 633 1066 694 ostendisse.

166 731 244 791 Cum
268 738 372 791 autem
395 733 602 790 admiraretur
624 731 788 808 Lysander
809 736 841 790 et
863 730 1068 807 proceritates

128 841 142 888 5
166 827 310 886 arborum
341 834 372 887 et
400 829 539 888 derectos
573 827 608 886 in
640 837 846 904 quincuncem
877 827 1002 887 Ordines
1038 833 1070 886 et

166 923 296 982 humum
313 925 473 984 subactam
489 930 583 1000 atque
604 934 714 1000 puram
736 930 768 982 et
789 923 978 984 suavitatem
1000 924 1071 983 ode

166 1039 244 1094 rum,
267 1030 321 1096 qui
341 1021 533 1080 adflarentur
554 1038 593 1079 ex
613 1019 752 1095 floribus,
769 1025 838 1079 tum
859 1039 929 1079 eum
951 1021 1071 1080 dixisse

166 1127 274 1176 mirari
286 1127 318 1176 se
329 1127 392 1177 nan
402 1118 494 1176 modo
506 1117 711 1191 diligentiam,
724 1117 884 1177 sedetiam
896 1117 1071 1177 sollertiam

167 1214 243 1287 eius,
258 1223 277 1272 a
291 1224 352 1290 quc
367 1219 472 1273 essent
485 1213 542 1272 illa
563 1212 722 1273 dimensa1
736 1219 830 1290 atque
845 1213 1016 1290 discripta,
1039 1219 1071 1273 et

117 1329 144 1360 10
167 1311 283 1387 Cyrum
304 1310 517 1387 respondisse:
548 1310 684 1387 ‘Atqu12
712 1329 768 1386 ego
792 1309 855 1370 ista
875 1329 944 1369 sum
966 1311 1073 1371 omnia

167 1408 342 1483 dimensus3
365 1417 428 1466 mei
442 1412 515 1466 sunt
530 1407 664 1481 Ordines,
680 1426 750 1466 mea
763 1407 936 1484 discriptis),
951 1408 1072 1467 multae

167 1503 261 1563 etiam
273 1504 403 1562 istarum
415 1504 559 1562 arborum
569 1513 639 1563 mea
652 1513 748 1562 manu
762 1509 835 1563 sunt
849 1505 954 1564 satae.'
990 1506 1072 1564 Tum

167 1599 365 1678 Lysandrum
393 1600 566 1658 intuentem
594 1619 764 1677 purpuram
792 1600 859 1660 eius
884 1607 915 1660 et
936 1601 1073 1661 nitrirem

166 1697 303 1772 eorporis
315 1701 519 1772 ornatumque
530 1696 691 1755 Persicum
702 1696 802 1756 multe
813 1707 888 1756 aurd
899 1698 1073 1775 multisque

37 1787 60 1880 ⁷„
117 1811 143 1858 15
168 1803 297 1868 gemmis
329 1792 463 1867 dixisse,
501 1793 616 1850 ‘Recte
644 1802 719 1852 verd
749 1798 790 1867 te,
821 1795 912 1871 Cyre,
944 1795 1073 1854 beatum

167 1890 283 1962 ferunt,
300 1889 447 1965 quoniam
461 1889 573 1948 virtuti
593 1894 666 1948 tuae
680 1889 809 1948 fortuna
823 1889 991 1950 coniuncta
1005 1891 1073 1950 est'

62 1997 80 2013 '
168 1987 215 2045 60.
238 1986 308 2043 Hac
323 1985 419 2059 igitur
433 1985 561 2044 fortuna
581 1985 646 2043 frui
667 1985 742 2044 licet
763 1986 898 2060 senibus,
914 2005 972 2045 nec
987 1993 1073 2046 aetas

168 2081 310 2159 impedit,
323 2091 384 2157 qud
398 2083 501 2140 minus
516 2087 547 2140 et
561 2087 735 2141 ceterarum
749 2091 852 2141 rerum
867 2087 899 2141 et
913 2081 948 2140 in
961 2093 1074 2160 primis

42 2238 54 2251 ,
169 2187 236 2254 agri
264 2161 517 2237 coimffiffidia
540 2184 702 2238 teneamus
730 2197 829 2255 usque
857 2179 897 2238 ad
924 2179 1075 2239 ultimum

48 2261 53 2270 ⁴
118 2298 146 2329 20
168 2282 292 2352 tempus
308 2275 484 2335 senectutis.
527 2276 571 2333 M.
588 2275 714 2352 quidem
726 2275 886 2334 Valerium
902 2276 1075 2336 Corvinum

169 2372 345 2449 accepimus
367 2371 407 2430 ad
428 2371 632 2431 centesimum
657 2391 772 2431 annum
794 2371 988 2449 perduxisse,
1003 2391 1075 2432 cum

170 2468 271 2529 esset³
285 2473 355 2528 acta
369 2467 430 2526 iam
445 2473 547 2527 aetate
559 2468 593 2526 in
604 2477 687 2544 agris
702 2478 816 2545 ecsque
830 2468 962 2544 coleret3
986 2470 1076 2528 cuius

170 2566 252 2624 inter
266 2574 401 2642 primum
419 2570 451 2623 et
473 2570 596 2624 sextum
618 2565 813 2624 consulatum
830 2583 884 2624 sex
899 2571 930 2624 et
945 2567 1077 2642 quadra

160 2663 258 2738 *ginta
285 2652 360 2720 anni
387 2661 606 2720 interfuerunt.
664 2662 724 2735 Ita,
753 2667 905 2738 quantum
936 2661 1077 2738 spatium

119 2779 146 2826 25
171 2758 283 2820 aetatis
298 2757 429 2818 maiores
445 2759 484 2817 ad
499 2757 669 2818 senectutis
681 2757 807 2816 initium
819 2776 885 2818 esse
897 2757 1076 2831 voluerunt,

914 2827 1094 2910 amiud

229 2935 239 2970 1
255 2936 380 2988 dimensa,
392 2935 422 2980 A.
435 2934 456 2980 dr
468 2933 497 2981 G.
510 2935 561 2990 135,
573 2935 601 2992 b;
618 2935 648 2982 G.
662 2935 682 2980 dr
693 2935 721 2979 L.
734 2935 785 2990 167,
796 2947 821 2978 n.
834 2935 856 2979 1.

229 3003 240 3036 ²
255 3004 338 3062 atqui,
350 3004 380 3048 A.
393 3002 414 3047 dr
426 3003 455 3049 G.
468 3004 518 3058 156,
531 3003 558 3060 b;
576 3001 605 3048 G.
618 3002 640 3047 dr
650 3003 735 3048 Lesa

229 3071 240 3104 ⁸
255 3076 326 3124 esset.
339 3071 368 3116 Α.
382 3071 402 3115 dr
414 3069 444 3116 G.
455 3071 511 3125 342;
529 3070 559 3116 G.
572 3070 593 3115 dr
604 3070 631 3115 L.
641 3071 698 3124 6293
715 3068 747 3114 H.
758 3070 810 3124 529,
822 3069 855 3114 II.
866 3069 918 3114 and
928 3082 954 3114 n.
966 3070 988 3123 1,
1001 3071 1022 3114 1.

178 3368 259 3480 Ι
