2360 3514
187 263 230 328 46
434 279 474 328 n.
502 268 624 329 runai
641 266 847 331 ozcusonrs

187 446 359 506 constituta
373 447 435 508 sit.¹
476 448 525 506 Ex
539 459 600 526 quo
615 448 747 508 efficitur
761 449 794 508 id
808 450 892 526 quod
905 467 963 526 ego
977 459 1086 527 magno

187 543 343 620 quondam
363 561 433 602 cum
455 554 584 606 assensit
603 546 741 604 omnium
762 546 839 620 dixi,
854 546 1001 606 miseram
1022 565 1086 607 esse

188 646 380 699 senectutem
395 651 520 717 quaese
535 642 675 701 oratione
690 642 880 700 defenderet.
923 643 998 702 Non
1009 653 1086 718 cani,

187 754 244 796 nec
268 746 362 813 rogae
390 745 518 814 repente
546 738 764 796 auctoritatem
789 738 925 815 arripere
948 746 1086 815 possunt,

150 847 164 895 s
188 833 244 892 sed
254 833 384 893 honeste
398 841 469 894 acta
480 834 620 911 superior
635 840 720 894 aetas
732 835 853 895 fructus
864 834 949 912 capit
960 837 1088 896 auctori-

187 929 263 990 tetis
283 936 446 990 extremos.
490 931 537 990 63.
567 931 654 990 Haeo
676 930 759 988 enim
779 931 849 1007 ipsa
867 938 941 990 sunt
962 932 1088 992 honora}

188 1026 265 1085 bilia
281 1045 360 1103 quae
375 1027 521 1086 videntur
537 1027 621 1085 levia
638 1032 732 1103 atque
748 1027 934 1102 commonia,
949 1029 1088 1104 saluteri,

188 1123 303 1200 adpeti,
316 1124 432 1198 decedi,
445 1124 581 1198 adsurgi,
594 1123 714 1198 dodoci,
727 1124 842 1199 redoci‚
852 1124 991 1200 consuli;
1012 1143 1088 1202 quae

189 1225 220 1279 et
231 1221 314 1298 apud
324 1231 380 1281 nos
392 1221 467 1280 etin
479 1220 550 1280 aliis
561 1220 752 1294 civitatibus,
762 1226 798 1278 ut
807 1238 948 1297 quaeque
957 1221 1090 1298 optime²

138 1335 166 1367 10
188 1323 308 1376 morata
322 1324 378 1391 est,
394 1318 440 1376 ita
456 1316 698 1392 diligentissime
717 1317 930 1376 observantur.
975 1319 1090 1396 Lysan-

189 1414 278 1472 drurn
294 1414 583 1486 Lacedaemonium,
598 1413 686 1472 odius
701 1413 793 1472 modo
807 1413 869 1472 feci
888 1414 1090 1490 mentionem,

188 1511 290 1570 dicere
305 1511 394 1570 aiunt
408 1510 534 1570 solitum
550 1509 812 1569 Lacedaemonem
827 1527 895 1569 esse
910 1509 1091 1571 honestissi-

188 1627 272 1666 mum
288 1607 479 1667 domicilium
495 1607 680 1666 senectutis:
702 1625 856 1683 nusquam
871 1606 955 1664 enirn
967 1613 1091 1666 tantum

187 1704 337 1763 tribuitur
358 1709 463 1776 aetati,
486 1721 638 1779 nusquam
661 1709 709 1762 est
734 1709 876 1763 senectus
899 1702 1089 1764 honoratior.
1170 1703 1171 1706 ’

137 1819 164 1866 1⁵
188 1801 269 1870 Quin
284 1801 377 1860 etlam
393 1799 558 1858 memoriae
573 1799 730 1876 proditum
745 1805 802 1873 est,
814 1817 884 1858 cum
896 1799 1035 1861 Athenis
1049 1800 1093 1859 li1-

189 1897 237 1957 dis
246 1897 373 1974 quidam
385 1897 418 1954 in
425 1896 583 1956 theatrum
596 1896 722 1970 grandis
734 1901 811 1955 natu
820 1895 968 1971 venisset,
978 1906 1093 1973 megno

187 2003 335 2054 consessit
354 1993 454 2052 locum
476 2011 629 2069 nusquam
649 2001 678 2050 ei
697 1992 806 2051 datum
824 2002 844 2052 o
863 2002 929 2052 suis
950 1995 1091 2068 civibus;

187 2109 258 2150 cum
273 2096 377 2148 autem
392 2089 432 2148 ad
447 2089 708 2148 Lacedaemonios
720 2089 911 2163 accessisset,
923 2099 979 2166 qui
995 2090 1093 2166 legati
1169 2077 1170 2096 ¹

188 2205 257 2246 cum
272 2192 386 2258 essent,
402 2191 486 2244 certo
501 2184 534 2242 in
550 2185 616 2243 loco
630 2185 844 2260 consederant,
857 2187 1093 2246 consurrexisse

136 2305 165 2336 ω
188 2292 294 2342 omnes
319 2281 369 2340 illi
396 2281 543 2340 dicuntur
567 2289 599 2339 et
627 2299 732 2340 senem
760 2281 898 2341 sessum³
924 2283 1091 2360 recepisse.

187 2381 235 2439 64.
265 2378 476 2450 Quibuscum
501 2386 520 2436 a
543 2383 654 2437 cuncto
678 2386 826 2438 consessu
853 2377 983 2455 plausus
1009 2384 1094 2439 esset

187 2475 354 2553 multiplex
368 2475 470 2549 datus,
482 2474 599 2533 dixisse
613 2492 652 2532 ex
663 2483 707 2534 eis
719 2475 874 2551 quendam
884 2474 1094 2534 Atheniensis

188 2582 275 2645 scire,
291 2590 370 2649 quae
384 2577 470 2630 recta
483 2577 596 2644 essent,
612 2571 666 2629 sed
680 2570 783 2629 facere
802 2571 893 2630 nolle.
937 2571 1046 2630 Multa
1060 2571 1094 2628 in

187 2675 294 2728 nostro
309 2668 439 2744 collegio
454 2666 621 2746 praeclara,
636 2667 691 2726 sed
707 2666 766 2726 hoc
782 2668 821 2726 de
838 2676 900 2744 quo
917 2667 1041 2744 agimus
1060 2667 1096 2725 in

135 2787 163 2834 2⁵
187 2775 306 2844 primis,
327 2765 419 2842 quod,
437 2771 473 2824 ut
493 2763 626 2841 quisque
646 2769 749 2823 aetate
770 2763 936 2836 antecedit,
956 2765 1004 2822 ita
1025 2782 1097 2824 sen-

236 2943 246 2976 1
260 2943 400 2990 constituta
409 2943 452 2996 sit,
464 2941 494 2987 A.
505 2940 526 2986 dr
538 2941 568 2987 G.
579 2941 636 2996 320;
653 2940 683 2987 G.
696 2940 717 2986 dr
728 2941 756 2986 L.
767 2941 819 2995 631,
831 2943 857 2996 1;
874 2941 907 2986 Η.
918 2941 971 2994 503,
984 2943 1005 2986 i.

234 3009 246 3043 ⁹
261 3015 289 3056 ut
300 3022 415 3068 quaeque
426 3010 527 3066 optime,
538 3009 568 3054 G.
580 3009 602 3053 dr
614 3010 641 3052 L.
652 3009 704 3062 ⁴542,
716 3009 739 3060 3,
750 3009 822 3054 Rem.
833 3010 860 3064 2;
878 3009 910 3053 Η.
921 3011 974 3063 ooo,
987 3009 1019 3052 11.
1031 3009 1056 3054 1.

234 3077 366 3133 ⁸sessum,
378 3077 408 3122 A.
420 3075 442 3121 dr
452 3076 483 3123 G.
494 3077 551 3132 302;
568 3076 599 3122 G.
611 3077 633 3120 dr
645 3076 850 3131 1„435;H.olo.
