2360 3516
417 205 516 270 eure
539 206 678 270 uiros.
956 203 998 270 21

405 467 611 529 CHAPTER
638 468 697 527 IX.

88 647 122 692 ΙΙ.
148 644 206 705 Age
221 642 350 692 weekens
366 655 416 692 our
430 643 533 692 bodies.

95 755 169 813 Well‚
182 756 268 817 lseqe
283 754 358 804 lullus
369 767 445 816 away
457 769 509 804 our
525 755 652 817 strenua,
667 756 689 803 ll
701 755 775 805 lakes
789 768 865 815 away
877 756 935 804 also
948 768 1000 804 our

131 839 198 887 wiell
204 839 256 900 for
267 839 298 886 lt.
333 835 378 886 Aa
391 838 435 886 old
452 851 516 886 man
528 851 563 886 ue
576 851 648 887 more
663 837 762 886 (lenires
774 837 816 886 tle
833 836 952 899 strenua
970 837 1004 898 of

131 921 224 982 youth,
241 920 307 969 laun
325 933 343 969 a
360 933 449 982 younp
462 934 526 970 men
544 919 602 969 that
614 919 647 981 os
659 933 676 968 a
689 919 745 968 bell
761 933 792 968 or
805 920 935 980 elephant.
972 919 1004 981 Is

132 1003 164 1052 he
176 1003 228 1051 has
240 1007 287 1052 not
298 1002 341 1052 lle
353 1002 472 1064 strenylh
483 1002 606 1063 required
611 1002 661 1063 sor
671 1001 766 1062 puelle
776 1001 913 1063 spealtnq,
927 1003 1000 1062 quiet

132 1085 270 1134 discourse
293 1086 318 1132 ts
341 1085 477 1146 heeomiup
500 1085 555 1133 aad
575 1084 696 1144 effective.
741 1084 808 1133 Itis
826 1085 1004 1146 lheuieesos

132 1167 225 1227 pontt,
251 1171 299 1216 not
325 1167 370 1216 old
395 1180 453 1228 ape,
478 1167 537 1216 ilat
561 1167 668 1216 wealen
692 1166 735 1215 the
759 1166 832 1227 boen.
887 1167 999 1218 Wieness

133 1249 268 1300 Metellus.

130 1408 178 1468 27.
205 1407 256 1469 Ne
282 1426 366 1467 nune
385 1407 512 1484 quidem
529 1416 612 1467 vires
627 1407 770 1467 desidera
789 1407 998 1466 adulescentis

92 1503 132 1584 (is
152 1504 239 1564 enim
258 1509 326 1563 erat
345 1504 433 1564 loeus
452 1505 532 1563 alter
552 1504 590 1562 de
611 1503 699 1563 vitiis
723 1503 915 1583 senectutis),
935 1513 999 1562 nen

91 1601 162 1678 pluis
177 1619 275 1678 quem
290 1600 472 1661 adulescens
487 1606 572 1659 tauri
590 1605 644 1658 aut
663 1599 825 1677 elephanti
846 1599 999 1658 desidera

91 1698 170 1757 bam.
204 1697 297 1767 Quod
310 1702 368 1771 est,
378 1706 414 1756 ee
424 1697 512 1756 decet
523 1701 572 1754 uti
586 1702 626 1770 et,
637 1695 787 1772 quiequid
802 1694 897 1770 agas,¹
908 1715 998 1770 agere

91 1803 148 1871 pra
159 1793 292 1854 viribus.
329 1793 415 1863 Quae
427 1793 511 1852 enim
524 1802 587 1852 vex
597 1797 701 1869 potest
712 1811 780 1852 esse
792 1792 999 1869 contemptior
1022 1818 1036 1863 5

92 1909 186 1967 quam
214 1889 346 1949 Milanis
374 1889 600 1950 Crotoniatae?
622 1898 687 1965 qui,
715 1907 786 1947 eum
811 1889 874 1947 iarn
903 1908 999 1948 senex

92 1993 174 2047 esset
188 1986 389 2062 athletasque
405 1991 438 2046 'se
453 1990 632 2045 exercentes
647 1985 682 2042 in
698 1985 852 2045 eurrieule
867 1987 997 2062 videret,

93 2083 254 2161 aspexisse
293 2082 426 2142 leeertes
466 2091 538 2142 sues
580 2082 696 2142 dieitur
734 2082 998 2160 inlacrimansque

93 2180 227 2240 dixisse:
256 2178 318 2237 ‘At
345 2179 380 2237 hi
408 2179 536 2256 quidem
560 2184 677 2238 mortui
703 2179 767 2238 iem
789 2180 882 2238 sunt!
923 2181 998 2238 Nan

92 2286 165 2336 vere
186 2281 254 2335 tem
275 2273 331 2334 isti
352 2293 446 2352 quem
467 2281 504 2334 tir
524 2275 601 2352 ipse,
616 2280 768 2351 negator,
790 2294 892 2352 neque
914 2276 998 2333 enim
1023 2306 1050 2337 10

93 2391 131 2430 ex
151 2378 184 2432 te
205 2389 356 2448 umquam
378 2391 411 2431 es
432 2371 626 2446 nobilitatus
650 2373 706 2432 sed
729 2390 768 2430 ex
792 2372 944 2432 lateribus
966 2377 998 2431 et

93 2467 219 2527 laeertis
240 2473 313 2527 tuis.
356 2467 448 2526 Nihil
470 2469 538 2528 Sex.
558 2468 668 2528 Aelius
690 2468 763 2542 tale,
785 2467 866 2525 nihil
887 2468 997 2528 multis

94 2573 184 2623 annis
206 2568 280 2622 ente
301 2563 346 2621 Ti.
361 2564 584 2639 Coruncanius,
600 2565 681 2622 nihil
698 2565 790 2622 modo
804 2565 838 2622 P.
856 2564 995 2638 Crassus,

95 2669 113 2718 a
139 2660 254 2737 quibus
285 2660 354 2720 iura
383 2661 504 2720 eivibus
535 2661 834 2737 praescribebantur,
864 2670 996 2737 querum

95 2775 193 2832 usque
216 2756 256 2814 ed
277 2762 450 2816 extremum
472 2757 620 2833 spiritum
639 2762 687 2816 est
703 2763 851 2833 preventa
864 2758 998 2834 praden-
1023 2784 1049 2831 15

97 2851 147 2910 tia.
186 2853 235 2912 28.
259 2839 370 2912 Crator
383 2859 489 2912 metue
503 2863 543 2911 ne
557 2853 739 2928 languescat
755 2859 928 2929 senectute3
948 2860 997 2914 est

135 2999 233 3073 1'a9as,
245 3017 275 3062 1.
288 3017 309 3063 e
320 3018 349 3064 e.
361 3020 412 3075 309,
424 3032 453 3077 a;
470 3019 500 3065 s.
514 3019 573 3064 eL.
585 3020 636 3075 595,
649 3019 720 3064 sem.
732 3019 759 3076 s;
776 3018 808 3064 Η.
820 3019 872 3074 460,
884 3020 906 3074 1,
917 3032 942 3064 n.
952 3019 974 3064 2.
