2360 3514
189 251 230 316 38
434 268 475 317 n.
502 255 624 318 rocci
641 256 850 318 ciceronio

488 516 693 576 CHAPTER
720 517 789 578 XV.

192 675 245 726 The
258 675 401 725 Pleccnres
413 677 445 738 of
456 676 506 726 Old
516 678 574 740 Ape
589 678 768 743 (continued).

264 775 306 840 (b)
327 775 506 838 Apricultnre.
554 777 607 826 The
626 779 766 838 pleosecres
788 778 930 827 connected
952 779 1016 828 with
1039 781 1090 829 ttic
1171 759 1172 798 ³

228 873 274 908 are
281 860 432 920 perenniol.
456 860 544 909 Eortb
553 862 577 908 is
586 860 740 918 bonnteous,
750 860 805 909 ond
815 861 970 922 necersoc'ls
978 866 1005 910 to
1015 863 1088 911 necte

228 955 245 990 α
266 947 357 990 return
374 943 423 1004 for
440 943 524 992 labor.
570 942 609 991 Its
627 944 737 992 natural
756 956 859 1003 powers
882 957 929 992 ore
949 943 1087 1005 dcliptcsnl

228 1030 254 1074 to
270 1025 354 1074 watch
374 1039 405 1074 ac
421 1027 441 1075 c't
458 1026 580 1075 citaliees
595 1026 669 1074 secde
686 1025 741 1074 cred
754 1025 885 1086 produces
896 1025 977 1086 fruit.
1017 1027 1087 1076 Tben

227 1108 298 1157 there
316 1110 340 1158 ic
357 1109 398 1158 ebe
417 1109 544 1170 crdficc'ol
562 1109 665 1157 culture
680 1108 712 1169 of
726 1108 767 1157 tte
780 1109 858 1171 ce'ne;
877 1108 919 1156 the
937 1115 1050 1169 inpetere
1062 1111 1092 1171 os

227 1192 341 1240 seminat
353 1193 452 1254 pronoen
460 1205 471 1256 ,·
488 1193 531 1240 the
543 1192 722 1251 development
731 1191 763 1252 of
771 1191 823 1239 ond
832 1190 887 1240 and
899 1189 1013 1239 blossom
1021 1208 1030 1248 ,·
1048 1191 1087 1240 tte

227 1276 408 1323 contriconcee
423 1275 471 1336 sor
488 1275 641 1336 emporion,
662 1273 801 1334 trenchinp
819 1273 874 1320 ond
893 1274 1028 1335 renercinp
1047 1274 1087 1322 the
1172 1283 1173 1290 ¹

227 1357 278 1405 soil
286 1369 297 1420 ,·
315 1357 435 1416 menard,
450 1357 573 1418 perdens,
592 1356 665 1406 scoot
683 1355 816 1417 breedinp,
831 1355 876 1404 bec
892 1355 1088 1417 beepc‘np—oll

226 1453 272 1490 are
283 1439 433 1502 dclipbcfnl.

225 1585 271 1644 51.
295 1584 395 1645 Venio
416 1601 498 1642 nunc
520 1584 561 1642 ad
581 1583 760 1660 voluptates
786 1583 1003 1658 agricolarum,
1024 1583 1090 1661 qui-

185 1681 242 1740 bus
277 1700 341 1757 eg0,
368 1680 594 1740 incredibiliter
629 1680 783 1756 delectem
821 1699 900 1757 quae
934 1699 993 1739 nec
1024 1681 1091 1740 fille

184 1777 398 1854 impediuntur
420 1783 578 1838 senectsite
600 1783 631 1836 et
655 1777 734 1835 mihi
756 1778 796 1837 ad
816 1777 968 1854 sepientis
990 1783 1091 1836 vitam

184 1874 324 1950 proxime
338 1875 485 1932 videntur
499 1874 652 1933 accedere.
695 1874 823 1933 Habent
837 1873 921 1932 enim
935 1874 1092 1934 rationem
1173 1891 1174 1910 ¹

146 1993 159 2040 5
184 1988 255 2028 cum
278 1976 370 2044 terra,
396 1989 475 2048 quae
499 1990 670 2047 numquam
694 1976 817 2030 recsrsat
840 1970 1008 2047 imperium
1033 1989 1092 2029 nec
1173 1983 1174 2014 ³

183 2085 331 2142 umquem
353 2067 420 2126 sine
440 2077 536 2126 deme
556 2067 669 2141 reddit,
685 2068 769 2143 quod
789 2067 917 2143 accepit,
934 2068 990 2127 sed
1010 2068 1092 2128 alies

183 2163 311 2236 minore,
323 2163 506 2240 plerumque
515 2163 631 2222 maiore
641 2183 712 2222 cum
723 2164 858 2222 faenore.
892 2164 1092 2241 Quamquam

183 2269 233 2318 me
261 2260 388 2336 quidem
415 2269 478 2319 nen
505 2260 628 2320 fractus
656 2261 758 2334 mode,
786 2261 842 2319 sed
867 2259 961 2318 etiem
987 2261 1092 2337 ipsius

183 2363 284 2416 terrae
312 2365 360 2415 vis
383 2365 419 2415 ec
442 2363 556 2416 netdra
580 2357 723 2416 delectat.
766 2357 851 2426 Quae
875 2375 946 2414 cum
969 2357 1093 2431 gremio

132 2479 159 2510 10
182 2453 304 2512 mollite
318 2463 354 2512 ec
369 2453 496 2513 subacto
517 2471 659 2530 sparsum
681 2463 786 2512 semen
803 2453 934 2529 excepit,
950 2464 1094 2530 primum

182 2550 216 2608 id
243 2555 439 2609 occaecatum
467 2549 599 2624 cohibet,
622 2568 661 2608 ex
688 2559 750 2626 quc
774 2549 900 2623 occetic,
923 2568 1004 2626 quae
1030 2551 1094 2610 hcc

183 2645 285 2720 efficit,
305 2646 467 2705 nominata
487 2653 543 2721 est,
566 2646 678 2704 deinde
702 2645 895 2722 tepefactum
916 2656 1034 2723 vapore
1059 2652 1095 2704 et

182 2752 361 2819 compressit
382 2751 438 2802 suc
462 2742 613 2800 diffundit
633 2747 665 2800 et
686 2742 773 2800 elicit
793 2742 1030 2802 herbescentem
1051 2760 1095 2800 ex

183 2848 218 2898 ec
239 2839 443 2913 viriditatem,
465 2857 544 2915 quae
568 2848 643 2897 nixa
663 2836 771 2897 fibris¹
795 2838 942 2915 stirpium
968 2837 1094 2898 sensim

183 3067 193 3111 1
217 2996 324 3122 11)fibre'e,
339 2997 370 3044 A.
386 2997 407 3043 dc
422 2997 453 3044 G.
470 2998 522 3053 254,
539 2997 566 3055 b;
583 2998 613 3044 G.
630 2998 652 3043 dr
667 2997 696 3042 L.
711 2999 763 3055 401,
780 2998 851 3044 Rem.
865 2999 888 3055 2,
904 3011 930 3043 n.
944 3000 970 3056 6;
985 2999 1018 3044 H.
1033 2999 1092 3052 425,

199 3100 204 3120 ,
247 3079 290 3121 ,n.
