2360 3514
412 282 511 346 eure
534 284 671 346 meros.
949 279 990 344 51

82 465 210 543 reliqua
240 470 344 524 autem
374 470 517 543 tempora
548 465 742 525 demetendis
773 464 928 524 fructibus
960 467 993 522 et

82 562 297 640 percipiendis
309 563 540 622 accommodata
551 568 632 622 sunt.
669 563 716 622 71.
738 563 873 622 Frdcbis
888 565 993 621 autem

84 659 259 719 senectutis
281 663 339 733 est,
360 664 396 718 ut
418 677 509 736 saepe
532 659 607 734 dixi,
628 665 700 718 ante
721 664 881 736 parterum
902 659 994 718 bone

83 776 155 815 rum
177 755 328 814 memoria
348 761 380 814 et
401 755 499 833 cepia.
542 755 656 816 Omnia
674 761 779 814 autem
794 773 873 833 quae
888 773 994 814 secun-

84 853 161 912 dum
182 857 330 911 neturam
351 852 437 911 fiunt
459 857 533 912 sunt
553 851 698 912 habenda
717 852 868 912 inbonis.
910 851 994 922 Quid
1017 867 1031 915 5

84 955 134 1011 est
155 953 262 1008 autem
283 954 348 1008 tam
370 950 541 1009 secundum
565 954 711 1008 naturam
732 967 826 1025 quam
848 947 994 1008 senibusl

84 1047 211 1104 emori?
250 1045 339 1114 Quod
353 1044 436 1104 idem
451 1045 607 1120 contingit
621 1044 873 1104 adulescentibus
888 1045 994 1104 adver-

85 1146 176 1201 sante
198 1145 230 1199 et
252 1147 444 1218 repugnante
465 1147 586 1201 nature.
639 1142 753 1218 Itaque
778 1141 993 1200 adulescentes

84 1238 165 1296 mihi
186 1247 267 1296 mori
288 1247 333 1298 sic
346 1238 504 1313 videntur,
519 1243 556 1297 ut
576 1257 647 1297 cum
668 1255 767 1314 aquae
788 1237 993 1297 multitudine

85 1334 232 1394 flammae
255 1343 303 1394 vis
329 1334 526 1412 opprimitur,
546 1344 635 1395 senes
661 1339 766 1394 autem
791 1343 845 1407 sic,
862 1340 899 1393 ut
922 1353 993 1393 cum
1019 1353 1046 1385 10

85 1441 142 1492 sue
171 1435 286 1508 sponte
316 1431 406 1490 nulle
440 1430 584 1491 adhibite
611 1440 644 1490 vi
678 1435 882 1508 censumptus
910 1431 992 1505 ignis

85 1526 317 1602 exstinguitur3
340 1532 372 1586 et
393 1527 483 1605 quasi
498 1537 592 1605 pema
612 1546 652 1586 ex
667 1527 839 1602 arboribus,
855 1527 951 1586 cruda
965 1536 993 1586 si

85 1629 168 1700 sunt,
188 1623 245 1683 vix
266 1623 453 1699 evelluntur,
473 1634 501 1684 si
521 1629 645 1683 matura
665 1630 697 1683 et
718 1630 814 1698 cocta,
834 1623 991 1698 decidunt,

86 1731 131 1782 sic
143 1725 246 1780 vitam
261 1719 513 1781 adulescentibus
528 1730 577 1780 vis
597 1721 709 1796 aufert,
726 1721 852 1780 senibus
867 1720 994 1778 maturi-

19 1805 20 1810 *
85 1823 151 1894 tes3
174 1835 257 1895 quae
278 1817 406 1894 quidem
427 1816 507 1875 mihi
531 1822 597 1876 tam
621 1817 758 1876 iucunda
778 1823 835 1892 est,
860 1821 905 1890 ut,
931 1826 993 1893 que
1018 1831 1045 1879 1⁵

85 1914 215 1992 propius
237 1913 278 1972 ad
299 1917 431 1972 mortem
452 1911 619 1988 accedam,2
639 1913 729 1990 quasi
749 1918 865 1972 terram
886 1913 993 1972 videre

85 2011 194 2071 videar
206 2009 439 2088 aliquandoque
453 2009 488 2068 in
501 2015 628 2087 portum
639 2028 678 2068 ex
688 2009 782 2086 longa
792 2009 992 2086 navigatione

86 2125 152 2169 csse
167 2110 331 2166 venturus.

122 2293 133 2327 ¹
148 2293 263 2348 senibus,
275 2292 307 2338 A.
319 2291 340 2338 ὅτ
351 2292 382 2340 G.
393 2293 449 2350 235;
467 2292 497 2339 G.
509 2292 531 2339 ἀ
541 2292 570 2339 L.
581 2293 637 2352 352;
654 2293 686 2340 H.
695 2295 747 2350 384,
758 2295 781 2351 4,
791 2307 817 2340 n.
828 2295 851 2340 2.

87 2360 281 2484 Πιῖῃῇῗοῖανη,
298 2360 329 2407 A.
346 2360 368 2406 δι
385 2360 415 2409 G.
434 2362 490 2420 342;
510 2361 540 2409 G.
557 2361 579 2408 dr
597 2362 626 2408 L.
643 2363 688 2409 629
705 2362 756 2409 and
772 2362 825 2419 663,
843 2364 870 2420 1;
891 2361 924 2408 Η,
937 2361 990 2418 529,
